1802 2942
647 132 1041 183 CORNELIUS
1086 131 1308 181 NEPOS

723 282 911 330 XXIV.
948 282 1129 331 CATO

226 418 528 451 EXCERPTUM
565 418 595 449 Ε
630 417 779 448 LIBRO
816 416 1051 448 CORNELII
1089 415 1299 448 NEPOTIS
1335 416 1402 448 DE
1437 415 1633 448 LATINIS

792 482 1073 514 HISTORICIS

290 576 336 627 1.
375 578 474 625 Μ.1
525 577 671 633 Cato,
723 583 863 624 ortus
913 578 1186 639 municipio
1236 575 1470 632 Tusculo,
1521 575 1719 623 adules-

224 646 476 701 centulus,
512 647 808 708 priusquam
845 643 1118 690 honoribus
1157 659 1367 705 operam
1406 644 1571 699 daret,
1608 660 1719 690 ver-

225 720 365 760 satus
412 720 491 760 est
533 715 586 758 in
631 711 846 766 Sabinis,
892 711 1029 773 quod
1071 711 1141 757 ibi
1185 709 1452 757 heredium
1497 727 1526 756 a
1569 718 1718 772 patre

223 781 459 827 relictum
493 779 737 825 habebat.
805 777 933 824 Inde
968 777 1179 824 hortatu
1216 777 1274 824 L.
1311 777 1500 824 Valerii
1535 778 1719 834 Flacci,

226 864 380 910 quem
414 850 467 892 in
501 846 768 893 consulatu
798 860 1113 907 censuraque
1147 844 1330 891 habuit
1362 843 1628 908 collegam,
1659 852 1718 892 ut

227 914 302 961 M.
333 913 601 976 Perpenna
626 915 881 960 censorius
901 912 920 941 2
946 928 1151 958 narrare
1177 911 1353 958 solitus
1382 918 1478 967 est,
1504 911 1719 958 Romam

170 986 196 1026 2
223 982 528 1044 demigravit
556 983 609 1026 in
637 979 849 1042 foroque
880 995 990 1025 esse
1020 982 1205 1040 coepit.
1274 977 1499 1025 Primum
1527 982 1720 1041 stipen-

225 1050 365 1096 dium
390 1051 579 1094 meruit
604 1064 851 1093 annorum
877 1047 1056 1093 decem
1081 1053 1401 1108 septemque.
1470 1045 1532 1104 Q.
1561 1046 1719 1093 Fabio

228 1115 302 1162 M.
347 1115 558 1162 Claudio
598 1114 885 1161 consulibus
925 1114 1159 1160 tribunus
1199 1113 1419 1159 militum
1459 1116 1513 1159 in
1553 1112 1720 1160 Sicilia

224 1181 338 1229 fuit.
408 1182 536 1229 Inde
569 1188 628 1228 ut
658 1182 829 1237 rediit,
861 1188 1028 1227 castra
1059 1186 1264 1227 secutus
1298 1186 1377 1226 est
1410 1179 1489 1226 C.3
1522 1179 1719 1228 Claudii

226 1249 459 1305 Neronis,
507 1251 784 1312 magnique
833 1263 989 1310 opera
1038 1249 1145 1294 eius
1196 1250 1490 1293 existimata
1539 1254 1619 1294 est
1666 1250 1718 1294 in

224 1316 415 1379 proelio
452 1317 589 1378 apud
623 1314 827 1371 Senam,
863 1331 963 1378 quo
998 1314 1184 1361 cecidit
1217 1313 1526 1370 Hasdrubal,
1559 1313 1720 1361 frater

175 1390 199 1430 3
224 1383 540 1430 Hannibalis.
609 1382 864 1441 Quaestor
899 1382 1088 1444 obtigit
1129 1380 1184 1428 P.
1228 1380 1468 1427 Africano
1510 1382 1719 1438 consuli,

226 1468 340 1498 cum
366 1468 466 1514 quo
491 1467 592 1496 non
614 1467 706 1512 pro
730 1452 877 1496 sortis
901 1449 1277 1495 necessitudine
1301 1451 1456 1504 vixit;
1496 1464 1719 1512 namque

227 1519 291 1565 ab
326 1534 385 1564 eo
417 1524 671 1580 perpetua
703 1517 940 1563 dissensit
971 1519 1092 1562 vita.
1159 1515 1353 1562 Aedilis
1384 1515 1523 1578 plebi
1552 1514 1719 1563 factus

176 1592 202 1629 4
227 1592 306 1632 est
353 1602 468 1631 cum
517 1584 571 1631 C.
620 1583 818 1630 Helvio.
887 1583 1099 1630 Praetor
1142 1585 1451 1645 provinciam
1497 1583 1721 1630 obtinuit

226 1652 527 1707 Sardiniam,
568 1667 630 1698 ex
671 1668 771 1714 qua
810 1657 1050 1713 quaestor
1087 1652 1345 1713 superiore
1383 1657 1615 1712 tempore
1654 1666 1719 1697 ex

226 1718 399 1766 Africa
449 1719 722 1773 decedens,
773 1717 834 1776 Q.
886 1718 1109 1764 Ennium
1157 1724 1366 1780 poetam
1415 1717 1720 1774 deduxerat,

227 1787 363 1849 quod
419 1802 521 1832 non
577 1788 782 1831 minoris
841 1787 1168 1831 aestimamus
1226 1801 1379 1847 quam
1437 1784 1719 1847 quemlibet

227 1853 592 1915 amplissimum
621 1851 996 1899 Sardiniensem
1024 1850 1354 1914 triumphum.

289 1918 337 1969 2.
374 1919 706 1966 Consulatum
762 1922 921 1983 gessit
977 1936 1092 1965 cum
1149 1918 1207 1965 L.
1265 1918 1466 1965 Valerio
1522 1917 1717 1966 Flacco.

442 2026 458 2049 1
486 2025 562 2070 M.‚
585 2026 648 2070 A;
687 2024 751 2063 the
772 2024 883 2063 other
905 2024 1039 2064 MSS.
1061 2024 1177 2064 omit.

444 2079 460 2103 ²
490 2080 722 2124 censorius,
748 2078 946 2127 Μαῃίαες
988 2080 1251 2125 censorinus,
1277 2079 1312 2117 A
1333 2078 1372 2117 B
1388 2077 1428 2117 P
1444 2078 1496 2118 R.

442 2133 459 2156 ³
489 2132 534 2172 C.
575 2132 778 2178 Lambin3
818 2133 883 2178 P„
908 2132 1043 2172 MSS.

250 2294 257 2302 .
282 2240 297 2264 ¹
324 2240 456 2306 More*
473 2239 723 2292 commonly
756 2239 917 2279 known
945 2252 993 2279 as
1022 2239 1099 2280 the
1132 2238 1274 2279 battle
1304 2239 1350 2279 of
1384 2239 1460 2279 the
1493 2239 1717 2280 Metaurus

225 2295 813 2398 nv2'31l3.2gcissig·fflrieanuS,
838 2347 913 2386 the
938 2359 1177 2398 conqueror
1201 2347 1247 2386 of
1270 2347 1506 2386 Hannibal.

280 2400 297 2424 ³
327 2401 417 2440 The
435 2402 639 2440 relations
659 2401 705 2441 of
723 2414 748 2439 a
769 2405 973 2452 quaestor
992 2406 1039 2440 to
1058 2401 1134 2440 the
1153 2401 1302 2440 consul
1322 2413 1370 2440 or
1389 2405 1563 2452 praetor
1581 2401 1719 2441 under

223 2454 367 2494 whom
394 2455 448 2493 he
474 2454 628 2494 served
655 2467 764 2493 were
789 2455 875 2494 like
902 2455 1027 2494 those
1055 2455 1100 2495 os
1126 2467 1152 2494 a
1179 2467 1258 2495 son
1285 2460 1332 2494 to
1359 2454 1426 2495 his
1452 2454 1618 2502 father3
1660 2455 1717 2496 cf.

224 2507 310 2548 Cic.
335 2508 432 2548 Div.
457 2508 504 2547 in
527 2507 646 2548 Caec.
671 2509 737 2548 61.

224 2573 314 2632 648
