1802 2942
642 175 1037 226 CORNELIUS
1083 174 1305 224 NEPOS

222 313 316 366 sui,
340 311 426 372 qui
448 307 730 370 complures
755 322 930 362 annos,
952 305 1121 352 studio
1144 306 1327 353 ductus
1349 303 1715 367 philosophiae,

223 386 441 434 Athenis
485 385 756 431 habitabat
799 383 1129 446 habebatque
1174 386 1227 428 in
1274 382 1425 429 Italia
1467 385 1715 445 pretiosas

222 466 581 528 possessiones,
615 464 865 508 triumviri
897 461 1033 507 bona
1067 460 1415 507 vendidissent
1448 466 1717 507 consuetu-

223 542 342 589 dine
369 557 431 587 ea
455 556 557 603 qua
579 546 691 586 tum
715 555 795 585 res
821 539 1151 602 gerebantur,
1175 538 1339 584 Attici
1361 536 1534 583 labore
1560 545 1717 600 atque

221 619 473 666 industria
494 616 690 664 factum
716 623 795 663 est
819 623 878 662 ut
903 615 1085 662 eodem
1108 618 1289 661 nuntio
1313 613 1546 661 Saufeius
1570 614 1722 662 fieret·

223 699 409 744 certior
462 711 516 742 se
569 696 932 757 patrimonium
986 695 1212 739 amisisse
1267 699 1322 739 et
1373 708 1716 754 recuperasse.

173 782 199 818 4
224 774 369 821 Idem
397 772 455 819 L.
485 771 671 818 Iulium
698 771 947 826 Calidum,
974 786 1127 833 quem
1153 777 1270 832 post
1297 769 1522 816 Lucretii
1547 769 1718 816 Catul-

221 852 360 914 lique
382 856 602 897 mortem
623 848 786 895 multo
808 847 1244 911 elegantissimum
1263 853 1473 910 poetam
1493 854 1719 894 nostram

223 929 400 976 tulisse
427 933 655 973 aetatem
680 942 799 972 vere
825 925 999 972 videor
1022 941 1171 987 posse
1196 925 1526 981 contendere,
1549 941 1718 988 neque

223 1009 389 1053 minus
427 1007 590 1050 virum
627 1005 818 1050 bonum
856 1005 1164 1065 optimisque
1203 1003 1396 1048 artibus
1434 1002 1719 1057 eruditum3

225 1100 379 1147 quem
409 1089 526 1144 post
555 1083 977 1144 proscriptionem
1008 1083 1240 1143 equitum
1270 1086 1481 1142 propter
1508 1096 1720 1143 magnas

225 1164 332 1208 eius
346 1159 610 1206 Africanas
624 1161 965 1221 possessiones
978 1160 1031 1203 in
1043 1161 1439 1219 proscriptorum
1451 1174 1720 1203 numerum

226 1255 255 1285 a
282 1237 337 1284 P.
367 1236 653 1291 Volumnio,
679 1234 943 1298 praefecto
969 1233 1170 1281 fabrum
1197 1235 1427 1290 Antonii,
1454 1235 1720 1281 absentem

174 1325 199 1362 5
222 1315 441 1362 relatum
494 1313 770 1376 expedivit..
840 1311 991 1371 Quod
1039 1315 1092 1358 in
1141 1315 1401 1374 praesenti
1451 1319 1623 1359 utrum
1674 1315 1720 1358 ei

223 1393 517 1439 laboriosius
541 1408 605 1437 an
626 1390 888 1454 gloriosius
909 1388 1084 1446 fuerit,
1104 1389 1302 1436 difficile
1325 1396 1404 1436 est
1422 1388 1442 1418 2
1479 1389 1722 1447 iudicare,

225 1470 363 1533 quod
398 1472 450 1514 in
488 1484 662 1515 eorum
698 1467 933 1530 periculis
969 1484 1072 1513 non
1107 1483 1251 1513 secus
1290 1467 1528 1514 absentes
1567 1483 1721 1530 quam

224 1553 522 1611 praesentes
549 1549 734 1592 amicos
761 1545 936 1591 Attico
963 1560 1073 1591 esse
1098 1561 1249 1591 curae
1274 1547 1535 1607 cognitum
1562 1551 1657 1591 est.

288 1621 371 1673 13.
407 1623 587 1686 Neque
612 1639 731 1669 vero
754 1622 838 1668 ille
863 1625 937 1668 vir
959 1625 1125 1668 minus
1148 1622 1310 1668 bonus
1333 1628 1483 1684 pater
1506 1620 1721 1669 familias

225 1700 429 1748 habitus
455 1708 534 1747 est
558 1717 711 1762 quam
735 1703 883 1754 civis3
924 1716 1044 1745 nam
1078 1716 1194 1746 cum
1231 1706 1368 1745 esset
1400 1702 1721 1761 pecuniosus,

226 1795 376 1824 nemo
391 1777 476 1824 illo
494 1781 659 1823 minus
676 1776 776 1823 fuit
794 1793 960 1832 emax,
978 1779 1143 1822 minus
1162 1775 1470 1822 aedificator.
1539 1776 1721 1839 Neque

226 1863 403 1903 tamen
448 1872 550 1901 non
594 1857 647 1900 in
692 1857 865 1916 primis
911 1855 1044 1900 bene
1089 1853 1342 1900 habitavit
1386 1854 1722 1917 omnibusque

177 1939 200 1976 2
224 1935 429 1995 optimis
456 1933 607 1978 rebus
635 1948 753 1977 usus
782 1938 888 1986 est3
933 1948 1052 1977 nam
1079 1931 1285 1978 domum
1311 1929 1493 1977 habuit
1517 1933 1570 1977 in
1594 1930 1722 1978 colle

228 2009 475 2069 Quirinali
530 2008 952 2071 Tamphilianam,
1010 2009 1074 2055 ab
1131 2007 1378 2054 avunculo
1431 2007 1722 2056 hereditate

226 2087 474 2142 relictam,
517 2089 658 2133 cuius
703 2089 984 2132 amoenitas
1029 2102 1131 2132 non
1175 2084 1422 2140 aedificio,
1465 2085 1556 2132 sed
1599 2085 1723 2132 silva

227 2165 728 2226 constabat--ipsum
778 2166 913 2210 enim
960 2169 1158 2210 tectum
1208 2165 1490 2225 antiquitus
1538 2166 1723 2209 consti-

228 2248 400 2288 tutum
443 2241 556 2303 plus
600 2240 715 2287 salis
761 2257 914 2303 quam
959 2246 1191 2302 sumptus
1233 2239 1579 2286 habebat—in
1622 2256 1723 2304 quo

661 2367 677 2391 ¹
707 2370 787 2412 est,
811 2365 975 2412 Fleck.;
1009 2365 1109 2411 fuit,
1135 2365 1268 2405 MSS.

294 2477 311 2501 ¹
339 2476 430 2515 The
458 2479 600 2515 tenses
629 2476 675 2514 in
710 2476 844 2515 13—18
873 2475 1064 2514 indicate
1094 2474 1195 2514 that
1226 2474 1351 2514 those
1382 2473 1582 2526 chapters
1614 2487 1724 2514 were

234 2530 402 2569 revised
421 2531 467 2568 in
487 2529 646 2582 Nepos’
667 2529 826 2569 second
845 2529 1024 2568 edition.

231 2607 323 2665 676
