1802 2942
617 195 1012 245 CORNELIUS
1057 193 1277 241 NEPOS

197 326 464 390 Pactyen1
508 324 724 371 contulit
765 324 939 385 ibique
982 325 1081 368 tria
1123 320 1332 368 castella
1374 321 1689 375 communiit,

198 405 379 460 Ornos,
423 401 723 457 Bizanthen,
770 398 1097 455 Neontichos,
1140 413 1398 460 manuque
1443 396 1690 452 conlecta,

197 485 387 545 primus
441 479 668 526 Graecae
688 479 708 507 2
759 480 977 524 civitatis
1028 479 1081 522 in
1130 474 1428 521 Thraeciam
1477 476 1691 528 introiit,

199 560 460 623 gloriosius
493 559 788 603 existimans
817 555 1146 601 barbarorum
1175 552 1368 615 praeda
1394 550 1693 613 locupletari

145 648 170 685 5
197 654 349 701 quam
380 635 662 682 Graiorum.
731 632 845 691 Qua
869 648 932 678 ex
955 647 1009 677 re
1033 637 1263 677 creverat
1285 646 1400 676 cum
1422 627 1560 675 fama
1580 635 1694 674 tum

201 715 397 777 opibus,
430 726 773 775 magnamque
808 711 1083 755 amicitiam
1116 708 1210 754 sibi
1243 724 1358 754 cum
1392 706 1695 769 quibusdam

198 792 403 855 regibus
423 789 699 835 Thraeciae
719 793 1008 849 pepererat.

262 868 311 920 8.
349 867 529 929 Neque
550 873 726 912 tamen
748 881 777 910 a
797 867 1011 910 caritate
1031 865 1229 925 patriae
1249 864 1420 924 potuit
1437 860 1694 908 recedere.

202 946 334 992 Nam
381 961 496 990 cum
543 943 679 1005 apud
726 942 897 1005 Aegos
944 940 1135 987 flumen
1182 938 1446 994 Philocles,
1491 944 1698 1001 praetor

202 1023 612 1076 Atheniensium,
667 1019 879 1066 classem
932 1020 1280 1065 constituisset
1333 1033 1477 1062 suam
1529 1031 1698 1078 neque

201 1101 352 1164 longe
383 1100 587 1146 abesset
618 1097 898 1160 Lysander,
926 1103 1132 1158 praetor
1162 1094 1699 1149 Lacedaemoniorum,

204 1182 290 1242 qui
322 1181 374 1223 in
407 1194 466 1223 eo
501 1182 612 1224 era-t
637 1181 911 1236 occupatus
939 1180 999 1220 ut
1022 1172 1213 1219 bellum
1239 1188 1392 1234 quam
1417 1171 1699 1217 diutissime

204 1257 433 1310 duceret,
467 1253 604 1316 quod
635 1255 754 1314 ipsis
788 1254 1005 1314 pecunia
1038 1267 1068 1296 a
1099 1266 1222 1313 rege
1256 1248 1700 1311 suppeditabatur,

204 1340 381 1380 contra
432 1330 832 1377 Atheniensibus
887 1327 1146 1375 exhaustis
1198 1333 1404 1389 praeter
1456 1342 1596 1372 arma
1646 1332 1701 1372 et

154 1418 179 1456 2
203 1427 356 1458 naves
380 1408 504 1455 nihil
528 1414 639 1454 erat
662 1423 831 1469 super,
855 1405 1143 1452 Alcibiades
1168 1405 1233 1451 ad
1257 1407 1538 1451 exercitum
1560 1406 1702 1450 venit

206 1487 599 1535 Atheniensium
629 1485 802 1547 ibique
834 1490 1106 1546 praesente
1138 1481 1288 1545 vulgo
1321 1497 1473 1544 agere
1504 1484 1701 1543 coepit:

207 1570 247 1613 si
289 1564 496 1619 vellent,
537 1579 591 1609 se
633 1569 927 1609 coacturum
969 1560 1290 1623 Lysandrum
1332 1560 1571 1606 dimicare
1612 1565 1702 1605 aut

207 1659 386 1706 pacem
417 1648 596 1704 petere
627 1638 967 1702 spopondit33
1018 1637 1447 1684 Lacedaemonios
1479 1652 1540 1683 eo
1569 1635 1702 1683 nolle

208 1721 366 1768 classe
394 1718 685 1781 confligere,
714 1717 850 1780 quod
877 1715 1199 1778 pedestribus
1227 1717 1382 1776 copiis
1409 1713 1521 1776 plus
1549 1730 1703 1777 quam

156 1808 182 1847 3
206 1798 417 1845 navibus
453 1796 711 1849 valerent3
765 1795 859 1840 sibi
896 1800 1071 1840 autem
1108 1809 1217 1839 esse
1254 1791 1401 1837 facile
1438 1790 1704 1847 Seuthem,

207 1891 385 1938 regem
407 1873 709 1927 Thraecum,
733 1872 986 1918 deducere
1009 1877 1069 1916 ut
1093 1886 1210 1916 eum
1233 1876 1371 1915 terra
1393 1868 1704 1931 depelleret3

211 1970 310 2016 quo
355 1951 510 2007 facto,
554 1952 837 1996 necessario
883 1955 973 1995 aut
1017 1947 1174 1994 classe
1219 1946 1570 1994 conflicturum
1614 1953 1705 1994 aut

209 2030 402 2078 bellum
423 2031 836 2090 compositurum.

161 2116 186 2153 4
277 2108 337 2154 Id
389 2109 484 2153 etsi
535 2121 653 2151 vere
706 2105 899 2151 dictum
950 2101 1195 2149 Philocles
1247 2101 1705 2157 animadvertebat,

214 2192 389 2232 tamen
430 2182 689 2245 postulata
729 2180 897 2227 facere
938 2179 1117 2236 noluit,
1159 2179 1296 2242 quod
1336 2179 1593 2225 sentiebat
1631 2193 1706 2234 se,

273 2327 290 2351 ¹
319 2326 528 2377 Pactyen,
553 2324 682 2369 Ortek
725 2322 877 2369 Ornos,
901 2321 1101 2372 Lipsiu33
1142 2320 1401 2367 Bizanthen,
1424 2320 1704 2368 Neontichos,

215 2380 276 2420 Is.
305 2380 419 2419 Voss.
479 2378 566 2418 The
585 2377 717 2416 MSS.
739 2377 839 2416 have
858 2376 1025 2415 various
1044 2375 1318 2425 corruptions.

273 2434 288 2457 ²
318 2433 519 2477 Graecae,
540 2445 591 2478 u;
630 2431 848 2476 Graeciae,
871 2428 1004 2468 MSS.

272 2487 288 2510 ³
317 2486 566 2538 spopondit,
613 2484 884 2534 Heerwaqen3
949 2481 1148 2534 spondet,
1202 2479 1403 2530 Wiqqers;
1466 2479 1704 2531 respondit,

216 2539 253 2578 A
275 2540 335 2586 P;
373 2539 648 2591 responderet
669 2540 795 2588 (-ent,
818 2537 889 2588 M)
911 2536 948 2576 Β
966 2536 1018 2575 Μ
1036 2535 1074 2574 R
1093 2539 1112 2573 6
1129 2542 1181 2582 λ;
1220 2547 1248 2573 u
1269 2533 1353 2573 and
1375 2532 1496 2573 Cobet
1515 2533 1629 2574 omit.

221 2630 313 2678 450
