1802 2942
629 126 1024 182 CORNELIUS
1070 131 1290 181 NEPOS

207 271 327 311 sunt
359 269 583 309 secutae.
652 261 766 320 Quo
799 260 937 307 facto
970 260 1299 307 circumfusus
1332 259 1556 308 hostium
1588 277 1704 308 con-

209 357 357 388 cursu
381 356 497 387 cum
522 338 795 385 fortissime
820 344 1093 401 pugnaret,
1117 341 1257 384 navis
1282 345 1445 384 rostro
1468 354 1706 401 percussa

159 427 184 466 3
209 420 378 480 coepit
414 417 595 463 sidere.
665 415 798 461 Hinc
834 414 1071 478 refugere
1108 431 1224 461 cum
1258 422 1450 478 posset,
1486 418 1527 461 si
1563 432 1619 462 se
1653 419 1705 462 in

210 511 350 541 mare
383 494 670 549 deiecisset,
704 493 840 556 quod
872 493 1081 539 suberat
1112 491 1282 538 classis
1314 491 1707 540 Atheniensium

211 588 342 636 quae
376 574 637 634 exciperet
668 577 927 626 natantes,
959 572 1125 632 perire
1157 569 1339 616 maluit
1371 586 1525 633 quam
1557 573 1707 618 armis

211 651 422 696 abiectis
448 665 631 695 navem
656 647 962 710 relinquere,
987 650 1040 693 in
1067 663 1168 710 qua
1193 646 1363 694 fuerat
1387 654 1581 695 vectus.
1647 647 1709 696 Id

211 730 370 774 ceteri
412 725 582 772 facere
625 725 916 780 noluerunt,
953 727 1039 787 qui
1074 725 1243 771 nando
1286 727 1339 770 in
1381 732 1555 772 tutum
1595 742 1710 788 per·

214 811 480 851 venerunt.
550 804 623 849 At
679 802 782 858 ille,
840 809 1103 864 praestare
1161 801 1431 848 honestam
1490 810 1710 850 mortem

214 885 509 929 existimans
565 883 703 942 turpi
759 883 914 936 vitae,
970 882 1248 926 comminus
1304 896 1538 944 pugnans
1593 879 1710 927 telis

213 959 436 1006 hostium
457 956 759 1005 interfectus
784 964 879 1004 est.

611 1146 761 1193 XIII.
828 1145 1243 1194 TIMOTHEUS

279 1246 327 1296 1.
363 1244 679 1301 Timotheus,
712 1244 930 1291 Cononis
962 1244 1111 1300 filius,
1142 1243 1488 1292 Atheniensis.
1556 1244 1654 1292 Hic
1684 1262 1714 1292 a

214 1332 361 1387 patre
386 1330 651 1385 acceptam
673 1321 887 1386 gloriam
909 1321 1082 1368 multis
1108 1325 1252 1369 auxit
1274 1323 1576 1378 virtutibus;
1616 1321 1714 1370 fuit

219 1405 354 1448 enim
371 1401 608 1456 disertus,
623 1402 858 1463 impiger,
873 1398 1170 1455 laboriosus,
1185 1402 1260 1446 rei
1274 1399 1506 1446 militaris
1520 1403 1714 1463 peritus

166 1486 189 1523 2
215 1495 383 1541 neque
418 1481 583 1524 minus
619 1480 839 1524 civitatis
874 1477 1149 1540 regendae.
1219 1476 1391 1523 Multa
1424 1475 1572 1524 huius
1596 1485 1715 1524 sunt

219 1556 476 1619 praeclare
515 1554 670 1610 facta,
709 1554 800 1602 sed
836 1553 964 1601 haec
1001 1557 1225 1600 maxime
1262 1554 1492 1601 illustria.
1559 1554 1716 1619 Olyn-

218 1633 350 1680 thios
381 1640 434 1679 et
461 1633 734 1696 Byzantios
762 1631 896 1678 bello
925 1632 1146 1694 subegit.
1216 1630 1424 1679 Samum
1452 1635 1618 1695 cepit3
1664 1635 1715 1678 in

220 1728 319 1773 quo
355 1710 698 1773 oppugnando
734 1712 992 1772 superiore
1028 1708 1162 1755 bello
1199 1708 1543 1756 Athenienses
1578 1709 1716 1756 mille

221 1796 275 1835 et
309 1788 531 1834 ducenta
565 1787 764 1833 talenta
796 1792 1233 1848 consumpserant,
1267 1786 1321 1833 id
1353 1786 1438 1833 ille
1473 1789 1582 1833 sine
1615 1786 1718 1834 ulla

220 1865 421 1927 publica
450 1868 680 1927 impensa
711 1863 897 1925 populo
928 1866 1172 1910 restituit.
1241 1863 1499 1911 Adversus
1531 1863 1717 1911 Cotum

219 1942 353 1989 bella
369 1945 528 2005 gessit
547 1942 610 1988 ab
630 1957 793 2004 eoque
810 1939 948 1986 mille
967 1947 1021 1986 et
1039 1940 1262 1987 ducenta
1278 1941 1478 1987 talenta
1493 1941 1716 2003 praedae

172 2029 196 2067 3
222 2023 272 2065 in
306 2019 565 2082 publicum
598 2018 817 2065 rettulit.
886 2017 1125 2081 Cyzicum
1159 2018 1421 2064 obsidione
1466 2018 1715 2066 liberavit.

220 2098 548 2144 Ariobarzani
595 2095 743 2141 simul
789 2112 905 2141 cum
952 2094 1192 2157 Agesilao
1239 2095 1426 2142 auxilio
1460 2095 1717 2158 profectus

224 2182 320 2230 est,
340 2191 369 2220 a
388 2190 486 2237 quo
507 2190 620 2219 cum
642 2172 775 2218 Laco
794 2175 1063 2234 pecuniam
1081 2179 1403 2219 numeratam
1422 2176 1716 2236 accepisset,

223 2251 307 2298 ille
327 2255 460 2297 cives
481 2267 596 2297 suos
619 2267 740 2312 agro
762 2257 918 2312 atque
940 2249 1147 2295 urbibus
1170 2252 1345 2312 augeri
1364 2250 1545 2296 maluit
1565 2267 1717 2313 quam

291 2394 308 2418 ²
337 2392 391 2432 In
417 2392 608 2431 444-439
635 2401 736 2436 B.c.‚
763 2390 887 2428 when
914 2389 1080 2436 Samos,
1107 2390 1247 2429 which
1273 2390 1361 2430 had
1386 2390 1582 2430 revolted
1605 2391 1718 2431 from

233 2447 414 2491 Athens,
433 2458 519 2484 was
537 2444 722 2484 reduced
739 2443 798 2495 by
816 2443 1013 2483 Pericles.

290 2501 305 2524 ²
335 2499 411 2540 See
431 2504 532 2538 note
551 2500 591 2544 2,
611 2511 652 2549 p.
675 2498 769 2537 496.
993 2496 1009 2521 ³
1039 2495 1103 2535 Cf.
1124 2497 1229 2536 xvii.
1251 2498 1287 2538 7.
1308 2498 1347 2537 2.

227 2591 314 2640 50²
