1802 2942
653 109 1047 158 CORNELIUS
1090 109 1311 158 NEPOS

229 246 540 301 susceperat,
571 246 845 301 postquam
876 238 1010 285 bello
1044 254 1162 285 eum
1194 241 1409 301 opprimi
1440 255 1542 285 non
1572 255 1721 302 posse

229 326 608 382 animadvertit,
643 326 835 372 insidiis
871 325 1158 372 interficere
1195 326 1421 381 studuit3
1476 342 1601 389 quas
1636 326 1720 374 ille

176 421 201 458 2
226 414 494 477 plerasque
528 413 778 460 evitavit.1
844 412 1002 469 Sicut,
1034 430 1150 460 cum
1182 416 1229 459 ei
1259 416 1554 460 nuntiatum
1587 421 1723 461 esset

228 501 475 565 quosdam
492 501 586 547 sibi
603 501 845 557 insidiari,
864 504 949 564 qui
966 504 1019 546 in
1037 504 1312 547 amicorum
1331 508 1478 547 erant
1493 517 1722 557 numero,

229 589 360 636 -—-de
385 589 586 652 quibus,
612 588 749 651 quod
772 591 960 635 inimici
986 588 1297 644 detulerant,
1321 605 1490 651 neque
1515 589 1723 635 creden-

231 677 353 723 dum
393 692 561 738 neque
602 676 980 739 neglegendum
1020 678 1527 739 putavit,—experiri
1565 675 1724 722 voluit

179 773 203 812 3
229 780 404 810 verum
461 762 712 809 falsumne
769 764 864 810 sibi
922 770 1058 810 esset
1113 763 1349 810 relatum.
1420 763 1605 826 Itaque
1663 780 1724 810 eo

229 850 488 914 profectus
511 857 606 906 est,
626 854 679 896 in
701 867 800 913 quo
821 853 1005 897 itinere
1026 849 1224 897 futuras
1243 851 1449 897 insidias
1471 851 1722 898 dixerant.

231 938 333 985 Sed
367 938 525 1001 elegit
558 954 766 1000 corpore
801 955 858 984 ac
892 945 1091 985 statura
1123 938 1431 984 simillimum
1464 941 1541 984 sui
1575 941 1724 1001 eique

232 1029 475 1073 vestitum
501 1043 648 1072 suum
675 1025 819 1072 dedit
845 1032 1002 1088 atque
1030 1042 1089 1072 eo
1114 1025 1224 1072 loco
1249 1028 1322 1071 ire
1350 1042 1449 1088 quo
1475 1028 1584 1088 ipse
1609 1042 1724 1072 con-

231 1120 405 1161 suerat
431 1116 604 1168 iussit3
649 1116 758 1175 ipse
787 1120 962 1159 autem
990 1120 1173 1160 ornatu
1199 1116 1494 1176 vestituque
1519 1113 1724 1159 militari

230 1204 366 1247 inter
387 1203 606 1263 corporis
629 1201 864 1247 custodes
886 1203 986 1247 iter
1008 1199 1176 1247 facere
1199 1204 1383 1263 coepit.

180 1297 206 1334 4
294 1290 367 1335 At
403 1289 741 1344 insidiatores,
779 1295 1052 1351 postquam
1089 1291 1142 1334 in
1181 1304 1299 1335 eum
1335 1288 1502 1335 locum
1541 1305 1726 1353 agmen

232 1379 483 1440 pervenit,
516 1376 721 1438 decepti
753 1376 929 1422 ordine
962 1383 1119 1439 atque
1152 1379 1361 1432 vestitu,
1392 1379 1643 1439 impetum
1673 1380 1727 1423 in

233 1481 351 1511 eum
371 1463 566 1510 faciunt
587 1467 672 1526 qui
694 1467 983 1526 suppositus
1006 1471 1132 1510 erat.
1200 1463 1533 1511 Praedixerat
1552 1471 1727 1511 autem

233 1555 292 1598 iis
315 1552 563 1598 Datames
585 1568 700 1597 cum
723 1552 905 1614 quibus
926 1554 1025 1598 iter
1045 1550 1269 1598 faciebat
1290 1559 1349 1598 ut
1368 1555 1534 1614 parati
1557 1559 1728 1599 essent

182 1650 206 1687 5
232 1639 401 1686 facere
430 1639 567 1702 quod
594 1641 760 1701 ipsum
789 1639 1050 1685 vidissent.
1119 1639 1254 1702 Ipse,
1284 1645 1343 1686 ut
1371 1646 1728 1687 concurrentes

233 1727 553 1773 insidiatores
593 1729 817 1772 animum
857 1726 1097 1782 advertit,
1134 1726 1241 1773 tela
1279 1729 1332 1772 in
1372 1742 1457 1773 eos
1495 1730 1726 1774 coniecit.

236 1814 348 1860 Hoc
388 1814 525 1860 idern
566 1830 680 1859 cum
722 1816 940 1859 universi
982 1812 1241 1869 fecissent,
1282 1816 1576 1876 priusquam
1615 1830 1728 1877 per-

236 1905 469 1948 venirent
515 1901 579 1947 ad
626 1917 742 1947 eum
788 1917 942 1963 quem
987 1901 1198 1964 aggredi
1243 1900 1501 1957 volebant,
1545 1901 1728 1949 confixi

234 1989 579 2036 conciderunt.

299 2074 381 2126 10.
418 2075 514 2121 Hic
546 2083 721 2122 tamen
751 2082 860 2122 tam
891 2074 1099 2122 callidus
1130 2078 1205 2121 vir
1236 2082 1467 2122 extremo
1497 2082 1729 2138 tempore

238 2171 416 2226 captus
479 2171 557 2209 est
621 2162 954 2219 Mithridatis,
1016 2163 1369 2209 Ariobarzanis
1432 2162 1536 2219 filii,
1596 2163 1727 2210 dolo.

239 2251 473 2312 Namque
501 2253 541 2296 is
570 2250 821 2312 pollicitus
851 2257 930 2296 est
957 2253 1066 2313 regi
1095 2266 1148 2296 se
1178 2266 1295 2296 eum
1321 2248 1729 2307 interfecturum,

239 2341 279 2385 si
303 2339 398 2385 sibi
413 2339 431 2368 2
458 2354 548 2384 rex
566 2340 893 2400 permitteret
915 2344 973 2383 ut
997 2337 1352 2400 quodcumque
1377 2336 1532 2384 vellet
1552 2336 1730 2386 liceret

312 2435 329 2460 ²
357 2436 558 2480 evitavit,
580 2435 716 2484 Κόρῃ.
739 2435 934 2484 (vita-vit,
957 2434 1016 2474 ed.
1041 2435 1105 2481 11,
1134 2433 1292 2484 Witte);
1329 2434 1504 2481 vitavit,
1525 2433 1660 2475 MSS.

311 2489 327 2512 ²
356 2488 454 2536 sibi,
479 2489 708 2535 Ortmann3
739 2489 794 2535 ei,
816 2487 949 2528 MSS.

241 2546 330 2606 526
