1802 2942
633 133 1029 183 CORNELIUS
1074 133 1295 183 NEPOS

209 276 425 324 regnum
462 265 509 309 ei
544 261 893 319 commisisse,1
929 262 1099 326 quoad
1141 262 1286 309 liberi
1323 264 1429 309 eius
1463 263 1517 308 in
1559 277 1703 308 suam

210 327 429 376 tutelam
482 333 862 392 pervenissent3
935 330 1115 376 aberat
1169 332 1305 376 enim
1359 329 1595 376 Crateros
1648 335 1704 375 et

211 396 503 459 Antipater,
524 399 611 459 qui
631 397 936 443 antecedere
955 396 1089 443 hunc
1107 397 1440 452 videbantur3
1473 402 1703 443 mortuus

212 470 323 509 erat
380 462 716 526 Hephaestio,
774 480 928 526 quem
984 481 1143 510 unum
1199 463 1511 519 Alexander,
1567 462 1704 526 quod

210 529 357 576 facile
380 530 612 594 intellegi
628 538 819 593 posset,
837 531 1040 593 plurimi
1056 529 1267 578 fecerat.
1338 531 1449 577 Hoc
1470 537 1703 593 tempore

211 598 333 644 data
358 605 436 644 est
458 598 676 644 Eumeni
701 598 1039 660 Cappadocia,
1062 601 1166 644 sive
1188 600 1357 660 potius
1380 598 1546 652 dicta3
1584 613 1704 643 nam

160 671 184 710 3
208 672 319 711 tum
343 668 395 710 in
418 664 641 711 hostiurn
668 672 779 711 erat
801 672 1079 727 potestate.
1147 665 1298 711 Hunc
1321 665 1416 711 sibi
1440 664 1703 711 Perdiccas

211 732 515 778 adiunxerat
545 749 731 795 magno
763 733 949 788 studio,
981 732 1118 795 quod
1146 735 1199 778 in
1229 731 1434 778 homine
1465 731 1620 778 fidem
1650 738 1705 778 et

172 829 175 833 ,
210 799 511 845 industriam
545 816 786 862 magnam
821 799 1047 855 videbat,
1081 815 1183 845 non
1218 799 1475 854 dubitans,
1510 801 1552 845 si
1587 814 1704 845 eum

210 866 522 929 pellexisset,
559 883 745 929 magno
783 869 896 913 usui
931 865 1040 913 fore
1077 867 1172 913 sibi
1206 868 1260 912 in
1294 869 1354 912 iis
1390 866 1542 912 rebus
1579 881 1704 928 quas

211 934 509 996 apparabat.
578 933 854 997 Cogitabat
899 936 1053 989 enim,
1098 933 1235 996 quod
1279 931 1388 979 fere
1433 949 1608 979 omnes
1651 935 1705 978 in

210 1004 407 1064 magnis
440 1004 663 1062 imperiis
697 1003 1076 1063 concupiscunt,
1109 1003 1334 1047 omnium
1366 1003 1525 1062 partis
1557 1002 1706 1046 corri-

160 1075 186 1112 4
208 1084 330 1130 pere
374 1075 530 1130 atque
573 1067 857 1130 complecti.
926 1067 1108 1130 Neque
1149 1084 1268 1114 vero
1310 1066 1405 1113 hoc
1445 1066 1530 1113 ille
1571 1066 1704 1113 solus

212 1134 352 1190 fecit,
375 1136 465 1182 sed
488 1138 647 1181 ceteri
669 1151 872 1197 quoque
895 1151 1070 1181 omnes
1093 1137 1180 1197 qui
1201 1133 1481 1181 Alexandri
1500 1132 1706 1181 fuerant

213 1205 375 1248 amici.
443 1201 638 1248 Primus
688 1201 983 1248 Leonnatus
1033 1201 1392 1248 Macedoniam
1435 1217 1706 1264 praeoccu-

212 1286 334 1332 pare
379 1269 694 1315 destinavit..2
760 1268 857 1315 Hic
901 1268 1074 1315 multis
1117 1271 1418 1331 magnisque
1461 1267 1707 1331 pollicita-

212 1337 433 1383 tionibus
469 1336 777 1398 persuadere
813 1335 1032 1382 Eumeni
1068 1336 1283 1391 studuit,
1318 1342 1378 1382 ut
1413 1334 1706 1382 Perdiccam

162 1414 187 1450 5
213 1405 473 1451 desereret
513 1420 569 1449 ac
607 1419 779 1449 secum
815 1401 1011 1449 faceret
1046 1405 1362 1449 societatem.
1430 1401 1559 1449 Cum
1593 1418 1708 1466 per-

214 1472 400 1518 ducere
433 1487 550 1517 eum
581 1487 683 1516 non
713 1477 904 1532 posset,
934 1469 1221 1516 interficere
1253 1475 1464 1516 conatus
1497 1476 1604 1525 est;
1652 1476 1708 1516 et

214 1537 436 1593 fecisset,
468 1541 563 1584 nisi
594 1537 678 1584 ille
709 1537 839 1583 clam
869 1544 1026 1584 noctu
1058 1553 1122 1584 ex
1151 1537 1414 1600 praesidiis
1447 1539 1554 1583 eius
1586 1535 1708 1583 effu-

249 1609 387 1652 isset.

213 1623 247 1669 g
277 1671 325 1722 3.
369 1671 582 1718 Interim
618 1670 837 1717 conflata
868 1677 988 1717 sunt
1022 1669 1108 1716 illa
1134 1669 1270 1717 bella
1298 1686 1430 1733 quae
1459 1669 1526 1718 ad
1551 1672 1708 1717 inter-

215 1742 480 1786 necionem
502 1745 619 1801 post
641 1737 921 1784 Alexandri
942 1744 1162 1784 mortem
1183 1744 1333 1801 gesta
1353 1744 1491 1794 sunt,
1512 1753 1710 1784 omnes-

217 1822 317 1869 que
384 1812 746 1852 concurrerunt
812 1805 878 1852 ad
944 1804 1237 1851 Perdiccam
1302 1804 1707 1867 opprimendum.

218 1873 386 1932 Quem
429 1875 525 1919 etsi
566 1872 821 1918 infirmum
862 1872 1088 1928 videbat,
1130 1871 1267 1934 quod
1307 1888 1436 1918 unus
1477 1872 1709 1918 omnibus

216 1943 454 1987 resistere
501 1940 799 2002 cogebatur,
846 1945 1023 1985 tamen
1071 1942 1289 1985 amicum
1335 1955 1438 1985 non
1485 1938 1711 1985 deseruit,

168 2014 192 2052 2
216 2023 384 2070 neque
414 2006 589 2053 salutis
620 2022 773 2069 quam
803 2005 921 2053 fidei
950 2004 1050 2053 fuit
1077 2006 1319 2068 cupidior.
1386 2004 1712 2053 Praefecerat

218 2074 352 2121 hunc
391 2073 655 2121 Perdiccas
696 2076 743 2119 ei
780 2076 915 2135 parti
953 2073 1108 2119 Asiae
1147 2089 1279 2136 quae
1317 2075 1453 2119 inter
1488 2072 1712 2119 Taurum

217 2148 447 2188 montem
480 2144 616 2187 iacet
652 2147 808 2203 atque
843 2139 1254 2203 Hellespontum,
1289 2146 1345 2186 et
1376 2139 1519 2186 illum
1553 2156 1711 2186 unum

218 2215 526 2271 opposuerat
564 2207 843 2269 Europaeis
883 2207 1208 2263 adversariis;
1263 2209 1373 2270 ipse
1411 2206 1713 2270 Aegyptum

281 2334 297 2358 ²
327 2334 603 2380 commisisse,
661 2333 867 2380 Benecke3
935 2333 1197 2372 commisisse
1252 2331 1321 2371 vel
1376 2331 1711 2378 commendasse,

225 2387 341 2427 Laid.
363 2388 401 2426 A
421 2388 459 2427 P
480 2388 518 2427 B
539 2387 577 2426 R
599 2387 637 2426 F
659 2397 686 2427 λ
707 2402 758 2437 μς
790 2387 1128 2434 commendasse,
1150 2404 1180 2426 π
1195 2385 1249 2425 M
1264 2399 1293 2425 u
1315 2387 1362 2436 (u
1383 2386 1431 2425 in
1451 2385 1617 2436 maryin
1637 2384 1713 2425 has

225 2441 250 2456 “
269 2443 324 2480 al.
349 2441 612 2480 commisisse
631 2440 690 2491 ”).

282 2495 296 2518 ²
326 2495 580 2542 destinavit,
601 2507 630 2533 u
642 2509 652 2541 ;
692 2493 1036 2546 praedestinavit
1058 2495 1298 2544 (—averat,
1320 2492 1407 2543 Μ),
1428 2491 1562 2532 MSS.

223 2572 313 2634 576
