1802 2942
648 127 1044 177 CORNELIUS
1091 126 1311 176 NEPOS

288 255 336 306 4.
373 259 445 303 At
478 257 752 312 Hamilcar,
775 262 1109 318 posteaquam
1142 271 1282 302 mare
1315 258 1517 302 transiit
1549 258 1600 301 in
1633 255 1724 302 Hi-

228 340 559 400 spaniamque
577 341 735 392 venit,
752 353 963 399 magnas
981 352 1060 383 res
1079 336 1301 383 secunda
1317 339 1476 399 gessit
1493 335 1725 392 fortuna3

230 421 478 464 maximas
525 417 1031 479 bellicosissimasque
1074 423 1257 480 gentes
1300 417 1523 480 subegit,
1563 420 1724 480 equis,

180 504 205 542 2
231 503 397 553 armis,
415 501 780 560 viris,pecunia
806 504 972 544 totam
988 497 1321 560 locupletavit
1336 496 1577 544 Africam.
1627 498 1725 545 Hic

228 597 343 627 cum
362 583 411 625 in
433 579 636 626 Italiam
655 578 847 625 bellum
864 576 1050 625 inferre
1067 578 1422 633 meditaretur,
1440 595 1573 625 nono
1593 595 1725 626 anno

228 667 500 723 postquam
524 663 575 706 in
602 660 901 722 Hispaniam
932 666 1160 714 venerat,
1193 661 1243 704 in
1273 658 1463 720 proelio
1493 675 1725 723 pugnans

178 748 203 788 3
229 741 467 788 adversus
512 740 762 787 Vettones
808 742 998 786 occisus
1045 747 1139 786 est.
1209 739 1373 785 Huius
1418 748 1725 802 perpetuum

229 823 401 869 odium
452 838 573 885 erga
623 821 876 867 Romanos
925 823 1146 866 maxime
1196 823 1475 867 concitasse
1525 821 1726 867 videtur

229 903 508 950 secundum
560 902 751 948 bellum
805 901 1107 956 Poenicum3
1177 917 1398 964 namque
1451 901 1726 958 Hannibal,

234 984 361 1030 filius
389 987 513 1039 eius,
540 983 749 1029 assiduis
769 985 927 1045 patris
955 983 1382 1029 obtestationibus
1417 998 1477 1029 eo
1503 989 1582 1029 est
1613 999 1727 1044 per-

227 1065 427 1120 ductus,
471 1071 530 1110 ut
586 1066 794 1110 interire
853 1080 1007 1127 quam
1051 1063 1304 1110 Romanos
1347 1079 1449 1109 non
1506 1066 1724 1126 experiri

229 1145 422 1192 mallet.

698 1306 899 1353 XXIII.
938 1305 1309 1353 HANNIBAL

292 1413 339 1464 1.
377 1415 650 1472 Hannibal,
668 1415 966 1462 Hamilcaris
986 1415 1132 1471 filius,
1154 1414 1606 1478 Karthaginiensis.
1675 1414 1728 1463 Si

230 1514 404 1544 verum
433 1504 527 1552 est,
556 1497 692 1560 quod
718 1513 867 1543 nemo
895 1497 1116 1552 dubitat,
1144 1503 1202 1543 ut
1227 1496 1441 1558 populus
1469 1497 1725 1545 Romanus

229 1595 403 1625 omnes
434 1585 616 1641 gentes
647 1581 836 1624 virtute
867 1581 1135 1640 superarit,
1165 1594 1266 1624 non
1297 1584 1376 1625 est
1405 1577 1726 1625 infitiandum

231 1658 572 1705 Hannibalem
613 1666 759 1705 tanto
801 1662 1115 1721 praestitisse
1157 1665 1353 1705 ceteros
1395 1662 1726 1721 imperatores

229 1740 503 1803 prudentia
532 1747 723 1802 quanto
752 1738 967 1801 populus
998 1739 1253 1785 Romanus
1284 1739 1558 1786 antecedat
1586 1739 1728 1787 forti-

179 1827 202 1864 2
226 1821 405 1868 tudine
430 1827 635 1866 cunctas
661 1823 908 1866 nationes.
978 1820 1109 1866 Nam
1135 1823 1588 1883 quotienscumque
1612 1838 1727 1868 cum

230 1917 289 1948 eo
315 1917 609 1964 congressus
637 1908 715 1948 est
739 1904 790 1947 in
817 1900 983 1957 Italia,
1009 1917 1209 1963 semper
1233 1901 1461 1948 discessit
1486 1904 1725 1964 superior.

231 1982 381 2041 Quod
422 1985 516 2028 nisi
558 1983 693 2029 domi
735 1985 917 2028 civium
959 1999 1162 2028 suorum
1202 1982 1390 2059 inviQa
1430 1982 1726 2030 debilitatus

232 2071 384 2119 esset,
445 2063 697 2109 Romanos
758 2063 959 2109 videtur
1018 2079 1256 2125 superare
1316 2066 1557 2125 potuisse.
1625 2062 1727 2110 Sed

231 2144 508 2190 multorum
540 2145 847 2190 obtrectatio
880 2143 1066 2190 devicit
1098 2146 1244 2190 unius
1276 2146 1535 2190 virtutem.

178 2232 203 2272 3
293 2224 390 2270 Hic
450 2232 641 2280 autem,
701 2224 841 2271 velut
899 2223 1189 2271 hereditate
1246 2223 1498 2280 relictum,
1553 2225 1726 2272 odium

229 2313 501 2368 paternum
545 2322 667 2368 erga
709 2305 960 2351 Romanos
1004 2307 1073 2351 sic
1115 2308 1446 2361 conservavit,
1489 2312 1548 2352 ut
1588 2308 1725 2368 prius

231 2389 452 2433 animam
477 2403 630 2449 quam
654 2386 706 2433 id
730 2386 1040 2448 deposuerit,
1065 2388 1150 2448 qui
1175 2385 1399 2448 quidem,
1423 2402 1537 2432 cum
1561 2389 1726 2448 patria

230 2467 401 2530 pulsus
430 2474 565 2514 esset
591 2474 644 2514 et
671 2457 953 2513 alienarum
973 2482 1126 2529 opum
1151 2466 1423 2530 indigeret,
1448 2482 1726 2529 numquam

227 2557 320 2612 624
