1802 2942
628 208 1024 258 CORNELIUS
1068 207 1289 257 NEPOS

203 341 406 402 coargui
441 345 631 401 posset,
664 355 766 385 non
800 338 1057 401 putabant
1092 337 1157 384 de
1190 336 1283 384 tali
1317 343 1529 400 tamque
1564 336 1698 385 claro

205 415 308 458 viro
356 412 719 474 suspicionibus
767 418 1003 474 oportere
1044 410 1254 457 iudicari
1302 417 1358 457 et
1399 417 1699 473 exspectan-

203 487 341 542 dum,
371 487 492 532 dum
520 502 574 532 se
602 489 711 548 ipsa
737 501 817 532 res
847 488 1083 548 aperiret.

265 558 313 610 4.
351 559 564 605 Interim
595 558 816 622 Argilius
849 558 1055 621 quidam
1087 557 1515 615 adulescentulus,
1546 574 1700 622 quem

202 650 417 697 puerum
470 632 744 679 Pausanias
793 648 963 678 amore
1012 635 1215 679 venerio
1264 632 1532 688 dilexerat,
1584 649 1700 679 cum

204 707 473 771 epistulam
509 708 572 754 ab
609 723 668 754 eo
704 707 769 754 ad
802 707 1117 754 Artabazum
1152 710 1431 770 accepisset
1466 709 1615 770 eique
1647 709 1700 753 in

202 785 538 844 suspicionem
570 784 793 827 venisset
826 781 1016 844 aliquid
1045 784 1098 827 in
1131 798 1192 828 ea
1223 782 1288 828 de
1319 798 1374 828 se
1407 798 1518 828 esse
1549 784 1702 844 scrip-

202 863 330 911 tum,
356 856 492 918 quod
515 871 666 901 nemo
693 871 867 901 eorum
885 856 1101 902 redisset
1121 859 1207 918 qui
1226 871 1377 918 super
1395 855 1487 903 tali
1511 872 1663 902 causa
1679 855 1701 886 1

203 930 384 976 eodem
411 932 548 975 missi
577 935 740 984 erant,
769 928 931 974 vincla
960 928 1209 991 epistulae
1235 928 1428 975 laxavit
1454 931 1701 992 signoque

202 1004 433 1050 detracto
474 1006 728 1066 cognovit,
769 1005 809 1048 si
849 1002 1160 1065 pertulisset,
1201 1003 1296 1048 sibi
1336 1018 1447 1048 esse
1484 1018 1704 1065 pereun-

151 1084 176 1122 2
201 1078 336 1124 dum.
407 1077 568 1123 Erant
596 1080 648 1123 in
678 1077 859 1123 eadem
889 1076 1107 1139 epistula
1135 1092 1267 1139 quae
1296 1076 1361 1123 ad
1390 1092 1451 1122 ea
1477 1078 1702 1139 pertine-

201 1153 327 1198 bant
362 1168 492 1214 quae
525 1154 660 1197 inter
691 1167 867 1214 regem
901 1150 1307 1213 Pausaniamque
1340 1156 1699 1198 convenerant.

202 1227 307 1273 Has
338 1227 421 1272 ille
451 1226 649 1273 litteras
683 1225 880 1289 ephoris
911 1226 1138 1272 tradidit.

149 1311 175 1350 3
264 1301 378 1347 Non
410 1308 488 1347 est
517 1300 895 1364 praetereunda
925 1303 1147 1363 gravitas
1181 1299 1700 1347 Lacedaemoniorum

199 1374 293 1422 hoc
319 1374 456 1430 loco;
500 1391 619 1421 nam
645 1390 710 1420 ne
735 1373 883 1420 huius
912 1373 1119 1436 quidem
1144 1373 1328 1420 indicio
1354 1373 1556 1437 impulsi
1582 1381 1701 1421 sunt

200 1457 259 1496 ut
306 1448 610 1495 Pausaniam
657 1447 1168 1511 comprehenderent,
1205 1464 1374 1511 neque
1420 1451 1557 1511 prius
1599 1451 1701 1495 vim

201 1522 543 1570 adhibendam
586 1529 916 1585 putaverunt,
961 1538 1115 1585 quam
1159 1538 1213 1568 se
1256 1524 1365 1584 ipse
1408 1522 1698 1569 indicasset.

201 1595 385 1659 Itaque
425 1595 540 1643 huic
579 1596 730 1643 indici
771 1596 894 1659 quid
933 1595 1041 1642 fieri
1080 1595 1272 1642 vellent
1310 1603 1698 1658 praeceperunt.

148 1678 174 1716 4
199 1671 394 1717 Fanum
446 1670 674 1733 Neptuni
729 1677 807 1717 est
857 1669 1092 1725 Taenari,
1144 1669 1281 1732 quod
1331 1669 1504 1716 violari
1554 1668 1699 1717 nefas

197 1752 385 1808 putant
423 1744 619 1791 Graeci.
689 1744 764 1790 Eo
801 1743 885 1790 ille
921 1743 1077 1790 index
1098 1743 1117 1773 2
1154 1742 1385 1806 confugit
1420 1746 1473 1789 in
1511 1760 1700 1806 araque

198 1819 442 1864 consedit.
512 1817 659 1864 Hanc
708 1821 853 1864 iuxta
901 1817 1068 1864 locum
1117 1815 1351 1863 fecerunt
1401 1817 1495 1863 sub
1544 1823 1700 1878 terra,

200 1908 263 1938 ex
294 1908 392 1954 quo
421 1898 594 1954 posset
625 1891 870 1947 exaudiri,
900 1893 939 1937 si
970 1893 1080 1954 quis
1111 1890 1233 1952 quid
1260 1889 1557 1953 loqueretur
1585 1906 1701 1937 cum

146 1975 173 2013 5
198 1965 405 2029 Argilio.
477 1965 590 2012 Huc
653 1982 716 2011 ex
778 1964 977 2028 ephoris
1039 1965 1246 2028 quidam
1307 1965 1699 2012 descenderunt.

199 2038 471 2086 Pausanias
510 2046 568 2086 ut
607 2040 800 2086 audivit
838 2038 1090 2102 Argilium
1127 2037 1414 2102 confugisse
1452 2041 1504 2084 in
1543 2055 1700 2095 aram,

198 2114 528 2176 perturbatus
577 2117 718 2160 venit
766 2130 841 2160 eo.
911 2113 1079 2172 Quem
1127 2129 1242 2159 cum
1290 2112 1570 2176 supplicem
1617 2113 1701 2160 dei

198 2187 395 2235 videret
437 2190 490 2234 in
534 2204 621 2234 ara
664 2187 950 2243 sedentem,
995 2189 1197 2250 quaerit
1240 2202 1424 2233 causae
1468 2185 1592 2250 quid
1634 2189 1702 2234 sit.

425 2288 442 2313 1
472 2290 608 2339 (cum)
631 2288 848 2337 suber(a)t
871 2287 1056 2338 ali(qua)
1079 2299 1226 2335 causa,
1257 2287 1446 2339 Waqner.

423 2341 440 2366 ²
469 2342 617 2389 index,
640 2342 806 2382 omitted
827 2341 878 2392 by
899 2342 1166 2392 Heerwagen.

258 2449 276 2474 ¹
305 2450 457 2501 Super,
519 2468 561 2484 =
583 2449 648 2497 de,
703 2450 739 2489 is
806 2450 1070 2502 suspicions3
1142 2448 1367 2501 Wagner’s
1421 2449 1704 2490 emendation

202 2503 250 2555 (“
266 2504 496 2545 whenever
528 2503 653 2545 ‘chere
689 2516 776 2544 was
813 2516 901 2557 any
937 2504 1137 2545 occasion
1153 2502 1202 2555 ”)
1247 2504 1284 2544 is
1318 2503 1580 2552 attractive;
1630 2517 1702 2546 see

202 2558 298 2598 crit.
321 2562 439 2598 note.

195 2635 288 2693 418
