1802 2942
640 183 1036 233 CORNELIUS
1081 181 1302 231 NEPOS

218 312 310 358 His
337 328 402 358 ex
415 311 666 358 manubiis
696 327 786 358 arx
814 310 1153 366 Athenarum,
1179 326 1280 373 qua
1299 309 1320 340 1
1352 308 1418 356 ad
1445 309 1712 356 meridiem

218 382 401 442 vergit,
426 386 504 424 est
527 385 721 425 ornata.

280 445 330 496 3.
366 445 561 505 Quibus
587 446 739 492 rebus
765 461 881 491 cum
907 461 1036 490 unus
1062 446 1115 488 in
1142 445 1349 489 civitate
1375 445 1598 489 maxime
1624 442 1713 489 flo-

218 520 373 568 reret,
406 513 584 560 incidit
614 516 667 558 in
702 512 918 559 eandem
951 511 1192 557 invidiam
1226 527 1380 573 quam
1411 517 1561 572 pater
1593 526 1713 557 suus

218 584 478 643 ceterique
523 579 916 626 Atheniensium
958 580 1238 640 principes3
1298 594 1418 623 nam
1461 584 1713 624 testarum

218 647 483 711 suffragiis,
520 647 657 709 quod
690 646 761 693 illi
794 647 1114 708 ὀστρακισμὸν
1146 651 1347 700 vocant,
1382 645 1430 691 X
1466 661 1714 691 annorum

169 721 194 759 2
220 715 395 761 exsilio
411 714 658 761 multatus
676 721 769 760 est.
839 712 991 760 Cuius
1007 711 1130 759 facti
1145 711 1356 758 celerius
1372 710 1715 758 Athenienses

219 799 373 845 quam
410 785 576 844 ipsum
613 783 896 843 paenituit3
952 797 1072 826 nam
1111 796 1226 826 cum
1262 779 1346 825 ille
1386 783 1554 825 animo
1592 778 1713 826 forti

218 850 437 895 invidiae
456 852 772 911 ingratorum
791 850 975 894 civium
994 850 1228 893 cessisset
1244 846 1537 909 bellumque
1557 845 1717 893 Lace-

219 917 473 963 daemonii
498 915 898 962 Atheniensibus
923 914 1242 969 indixissent,
1267 913 1535 960 confestim
1559 920 1714 960 notae

167 992 193 1032 3
218 987 324 1030 eius
342 986 542 1030 virtutis
561 983 869 1030 desiderium
885 988 1215 1029 consecutum
1233 988 1326 1027 est.
1395 981 1580 1043 Itaque
1597 988 1715 1043 post

219 1068 408 1097 annum
430 1054 666 1114 quintum
689 1067 843 1113 quam
865 1049 1103 1111 expulsus
1127 1055 1240 1095 erat
1259 1052 1312 1094 in
1333 1052 1553 1110 patriam
1573 1064 1716 1095 revo-

219 1126 379 1171 catus,
415 1126 509 1165 est.
578 1117 689 1172 Ille,
740 1117 877 1180 quod
925 1116 1144 1179 hospitio
1196 1115 1716 1162 Lacedaemoniorum

219 1187 480 1241 utebatur,
547 1187 704 1231 satius
773 1187 1069 1231 existimans
1136 1183 1446 1230 contendere
1469 1184 1489 1213 2
1558 1183 1717 1229 Lace-

220 1254 535 1310 daemonem,
551 1269 642 1298 sua
669 1259 851 1314 sponte
881 1259 960 1298 est
985 1249 1244 1314 profectus
1270 1266 1554 1313 pacemque
1580 1253 1717 1297 inter

166 1329 192 1366 4
216 1321 340 1367 duas
362 1322 742 1383 potentissimas
764 1322 997 1366 civitates
1019 1318 1317 1365 conciliavit.
1386 1317 1526 1373 Post,
1546 1334 1716 1381 neque

218 1391 294 1434 ita
321 1387 501 1443 multo,
534 1387 759 1451 Cyprum
789 1403 905 1433 cum
935 1387 1167 1433 ducentis
1198 1386 1410 1432 navibus
1440 1388 1718 1448 imperator

220 1459 418 1510 missus,
443 1471 559 1501 cum
585 1457 691 1500 eius
716 1456 961 1500 maiorem
985 1461 1187 1516 partem
1211 1452 1404 1499 insulae
1430 1453 1718 1509 devicisset,

222 1526 275 1569 in
299 1523 534 1568 morbum
557 1521 830 1583 implicitus
854 1523 907 1567 in
932 1521 1118 1583 oppido
1143 1520 1275 1567 Citio
1302 1527 1381 1567 est
1403 1527 1649 1566 mortuus.

284 1588 334 1640 4.
371 1589 522 1635 Hunc
542 1588 886 1635 Athenienses
906 1605 1009 1635 non
1029 1587 1191 1635 solum
1210 1591 1263 1633 in
1281 1587 1433 1642 bello,
1449 1587 1541 1634 sed
1560 1590 1718 1634 etiam

221 1659 273 1702 in
303 1673 429 1718 pace
461 1657 547 1704 diu
577 1656 1011 1703 desideraverunt.
1080 1655 1200 1701 Fuit
1229 1658 1365 1701 enim
1394 1662 1543 1701 tanta
1569 1655 1720 1701 liber-

222 1724 420 1779 alitate,
468 1741 584 1771 cum
631 1723 970 1785 compluribus
1018 1722 1137 1769 locis
1185 1722 1396 1784 praedia
1441 1721 1718 1785 hortosque

219 1789 454 1847 haberet,
499 1798 559 1838 ut
602 1807 882 1854 numquam
929 1794 981 1836 in
1032 1793 1090 1836 iis
1143 1790 1408 1836 custodem
1453 1789 1715 1852 posuerit3

222 1857 417 1905 fructus
464 1858 698 1905 servandi
744 1861 928 1922 gratia,
973 1873 1038 1903 ne
1085 1860 1195 1919 quis
1239 1857 1575 1919 impediretur
1619 1873 1720 1919 quo

221 1929 386 1972 minus
425 1928 531 1972 eius
567 1927 736 1980 rebus,
773 1926 956 1988 quibus
992 1927 1206 1988 quisque
1241 1924 1413 1980 vellet,
1447 1923 1718 1971 frueretur.

171 1998 195 2036 2
221 1992 433 2056 Semper
462 2010 579 2039 eum
607 1993 875 2056 pedisequi
902 2009 1017 2039 cum
1044 1994 1263 2038 nummis
1291 1998 1411 2038 sunt
1437 1994 1617 2048 secuti,
1643 1998 1721 2048 ut,

274 2119 292 2145 ²
320 2134 422 2172 qua,
445 2120 644 2171 Maqius3
684 2133 811 2173 quae,
833 2119 968 2160 MSS.

277 2174 293 2198 ²
322 2175 566 2221 concedere,
596 2175 675 2221 B2;
721 2174 863 2214 verbis
892 2173 1165 2220 contendere,
1195 2172 1346 2213 Szoane
1386 2174 1466 2214 327
1494 2172 1579 2212 and
1608 2171 1720 2212 Can-

220 2229 319 2267 mbr.
335 2244 345 2274 ;
408 2229 638 2268 concedere
683 2241 815 2279 quam
870 2229 1001 2267 armis
1046 2227 1319 2274 contendere,
1362 2226 1516 2274 Halm;
1577 2226 1721 2267 verbis

221 2295 352 2333 qua-m
377 2283 507 2321 armis
530 2283 803 2327 contendere,
828 2281 1050 2322 Gitlbauer.

277 2336 293 2359 3
323 2337 534 2387 posuerit,
557 2335 701 2382 Cobet3
736 2336 1010 2387 imposuerit,
1032 2333 1167 2374 MSS.

280 2443 297 2466 ¹
329 2443 394 2483 On
436 2444 511 2483 the
552 2444 781 2484 difference
823 2443 1018 2483 between
1058 2442 1214 2495 praeda
1255 2443 1344 2482 and
1385 2442 1610 2483 manubiae
1650 2453 1721 2483 see

225 2496 387 2537 Gellius
409 2498 501 2536 xiii.
523 2499 589 2537 25.

282 2551 298 2574 ²
328 2551 405 2590 See
428 2556 530 2590 note
553 2553 593 2598 2,
618 2564 660 2603 p.
684 2551 780 2591 400.
951 2549 969 2575 ⁸
999 2550 1076 2591 See
1095 2554 1198 2590 note
1221 2550 1258 2597 1,
1279 2562 1322 2602 p.
1343 2550 1438 2590 402.

218 2629 310 2686 426
