1747 2912
529 152 584 198 L.
638 150 972 198 ANNAEUS
1020 150 1292 197 FLORUS

169 282 378 328 militiae
405 280 587 327 artifex
615 280 790 326 Tullus
814 279 1141 326 bellatoribus
1166 282 1281 325 viris
1306 295 1455 341 quam
1479 294 1653 326 neces-

170 363 337 417 sarius,
373 364 432 404 ut
465 363 670 403 acueret
704 360 898 403 ratione
935 360 1189 402 virtutem.
1276 355 1448 413 Quid?
1518 355 1653 402 aedi-

171 436 342 482 ficator
377 435 559 492 Ancus,
590 441 646 480 ut
682 435 859 479 urbem
890 431 1120 478 colonial
1153 433 1470 491 extenderet,
1498 439 1654 495 ponte

115 521 140 559 5
168 517 421 575 iungeret,
445 528 588 558 muro
612 518 857 557 tueretur.
935 511 1040 556 Iam
1065 526 1184 556 vero
1208 516 1505 556 ornamenta
1537 509 1654 555 Tar-

172 594 329 653 quinii
369 596 422 636 et
456 592 672 651 insignia
707 594 947 650 quantam
979 590 1194 650 principi
1230 587 1416 649 populo
1449 587 1656 634 addide-

115 675 140 714 6
170 674 288 714 runt
331 683 393 713 ex
440 670 546 727 ipso
593 665 769 711 habitu
817 665 1135 727 dignitatem.
1210 665 1369 711 Actus
1409 682 1438 710 a
1485 664 1657 711 Servio

172 760 350 792 census
387 744 507 806 quid
546 743 726 799 effecit,
763 745 859 787 nisi
895 749 952 789 ut
989 745 1097 803 ipsa
1132 757 1185 787 se
1221 748 1394 788 nosset
1437 741 1658 787 Romana

118 829 143 871 7
170 839 250 869 res
309 821 545 883 publica?
617 820 878 866 Postremo
930 819 1144 880 Superbi
1197 818 1330 865 illius
1388 822 1660 880 inportuna

171 900 450 946 dominatio
492 914 593 943 non
635 896 780 953 nihil,
820 900 973 942 immo
1013 896 1092 942 vel
1141 895 1413 958 plurimum
1453 895 1654 958 profuit.

173 977 253 1024 Sic
291 979 424 1022 enim
464 975 699 1021 effectum
738 980 826 1032 est,
866 981 925 1020 ut
959 977 1180 1035 agitatus
1215 977 1408 1020 iniuriis
1444 972 1659 1036 populus

172 1053 450 1116 cupiditate
487 1053 735 1099 libertatis
770 1049 1168 1098 incenderetur.2

430 1284 523 1329 ΙΙΙ.
578 1283 656 1328 ΒΕ
693 1282 997 1328 ΜΥΤΑΤΙΟΝΕ
1035 1281 1126 1327 Rm
1165 1281 1404 1327 PVBLICAE

118 1385 147 1432 9
242 1382 423 1427 IGITUR
456 1381 616 1427 Bruto
647 1380 996 1441 Collatinoque
1031 1379 1241 1426 ducibus
1268 1386 1321 1426 et
1357 1380 1657 1439 auctoribus,

173 1461 352 1522 quibus
388 1458 636 1504 ultionem
680 1461 754 1503 sui
793 1460 1011 1502 moriens
1047 1463 1277 1502 matrona
1318 1456 1662 1515 mandaverat,

173 1537 387 1599 populus
450 1536 699 1580 Romanus
759 1534 822 1580 ad
881 1533 1239 1579 vindicandum
1296 1533 1546 1580 libertatis
1605 1550 1663 1580 ac

172 1613 445 1675 pudicitiae
504 1612 658 1657 decus
706 1610 923 1674 quodam
971 1614 1111 1672 quasi
1157 1613 1402 1656 instinctu
1453 1610 1662 1657 deorum

175 1693 454 1736 concitatus
502 1705 676 1750 regem
723 1694 938 1750 repente
991 1687 1243 1745 destituit,
1292 1688 1425 1733 bona
1473 1687 1662 1750 diripit,

173 1783 350 1829 agrum
400 1767 551 1812 Marti
600 1782 688 1812 suo
729 1771 1005 1822 consecrat,
1041 1767 1309 1826 imperium
1357 1768 1410 1810 in
1458 1765 1663 1811 eosdem

173 1844 423 1891 libertatis
460 1860 576 1890 suae
613 1842 837 1889 vindices
873 1841 1132 1899 transfert,
1167 1848 1364 1888 mutato
1399 1848 1574 1888 tamen
1610 1848 1664 1888 et

117 1929 142 1968 2
172 1926 279 1968 iure
328 1928 380 1968 et
438 1924 654 1967 nomine.
730 1919 932 1982 Quippe
981 1935 1043 1966 ex
1098 1926 1345 1981 perpetuo
1399 1918 1661 1965 annuum³

175 1998 380 2061 placuit,
415 2014 476 2045 ex
514 1997 753 2059 singulari
789 1996 995 2059 duplex,
1027 2012 1093 2044 ne
1129 2003 1352 2058 potestas
1391 1995 1663 2042 solitudine

176 2075 255 2122 vel
288 2092 426 2122 mora
457 2081 879 2137 corrumperetur,
905 2073 1234 2136 consulesque
1267 2072 1543 2135 appellavit
1575 2089 1664 2136 pro

553 2193 569 2218 ²
599 2192 794 2233 colonia:
824 2191 1037 2231 coloniam
1057 2193 1107 2230 B.

553 2247 569 2271 ²
598 2246 928 2286 incenderetur:
962 2245 1222 2285 incendetur
1243 2246 1295 2285 B.

554 2301 571 2326 ³
600 2313 793 2339 annuum
815 2299 913 2339 LI:
946 2313 1110 2338 annum
1130 2301 1179 2339 B.

425 2451 442 2476 ²
472 2449 608 2491 Ostia.
1148 2447 1164 2472 ²
1196 2447 1411 2488 Lucretia.

593 2504 609 2529 ³
641 2502 805 2543 Brutus
825 2501 913 2542 and
934 2501 1188 2542 Collatinus.

180 2564 239 2608 26
