1802 2942
639 141 1034 190 CORNELIUS
1078 140 1299 189 NEPOS

216 275 445 321 distracti
501 278 620 319 sunt
675 288 828 334 quam
884 270 1102 317 alterum
1157 273 1326 316 anima
1376 269 1702 333 relinqueret.

217 352 300 398 Ab
339 349 434 397 hoc
476 349 669 412 aliquot
708 348 870 412 plagis
910 348 1167 394 Eumenes
1207 347 1502 394 vulneratur
1536 363 1704 410 neque

218 445 277 475 eo
296 431 457 491 magis
479 444 542 474 ex
565 426 756 489 proelio
781 428 1016 481 excessit,
1035 425 1125 471 sed
1144 427 1304 471 acrius
1326 423 1485 471 hostis
1500 427 1703 472 institit.

163 515 189 554 3
213 506 310 552 Hic
357 505 612 568 equitibus
656 503 955 567 profligatis,
997 501 1270 549 interfecto
1315 502 1443 549 duce
1478 502 1705 559 Cratero,

214 582 386 629 multis
404 589 675 644 praeterea
693 587 747 627 et
763 583 985 626 maxime
1002 579 1253 626 nobilibus
1270 582 1450 642 captis,
1466 580 1706 642 pedester

214 663 484 714 exercitus,
521 659 658 721 quod
691 661 744 704 in
781 674 843 705 ea
877 657 987 703 loca
1023 664 1135 703 erat
1169 656 1419 703 deductus
1454 663 1514 704 ut
1546 660 1705 703 invito

213 739 445 785 Eumene
468 736 599 783 elabi
621 753 722 782 non
741 742 932 797 posset,
952 751 1132 797 pacem
1154 735 1218 781 ab
1240 750 1300 781 eo
1320 736 1471 796 petit.
1538 734 1705 792 Quam

214 832 329 862 cum
357 818 700 876 impetrasset,
729 815 782 858 in
810 812 910 859 fide
939 829 1041 858 non
1068 814 1256 858 mansit
1287 818 1341 858 et
1369 827 1442 868 se,
1471 811 1618 858 simul
1648 828 1705 859 ac

214 895 401 956 potuit,
427 892 491 938 ad
515 891 846 953 Antipatrum
868 892 1079 952 recepit.

164 979 191 1016 4
277 971 533 1016 Eumenes
582 968 850 1015 Craterum
899 983 963 1013 ex
1012 970 1119 1013 acie
1167 969 1464 1013 semivivum
1513 965 1705 1013 elatum

214 1063 442 1094 recreare
479 1046 705 1101 studuit3
760 1062 875 1092 cum
912 1045 966 1092 id
1001 1061 1104 1091 non
1139 1051 1330 1106 posset,
1364 1060 1455 1106 pro
1491 1042 1705 1092 hominis

215 1126 468 1189 dignitate
527 1140 722 1186 proque
781 1125 996 1186 pristina
1055 1124 1563 1184 amicitia—namque
1621 1121 1705 1169 illo

215 1220 333 1250 usus
354 1209 464 1248 erat
482 1201 774 1248 Alexandro
793 1203 903 1246 vivo
922 1198 1471 1261 familiariter—amplo
1488 1198 1667 1246 funere
1685 1199 1705 1229 1

216 1280 402 1327 extulit
430 1295 644 1342 ossaque
672 1281 724 1324 in
755 1277 1113 1325 Macedoniam
1141 1279 1286 1323 uxori
1315 1279 1421 1323 eius
1452 1293 1509 1323 ac
1536 1276 1705 1324 liberis

212 1361 423 1405 remisit.

280 1434 327 1485 5.
365 1434 508 1481 Haec
540 1433 662 1481 dum
695 1433 832 1496 apud
862 1432 1255 1495 Hellespontum
1289 1438 1554 1496 geruntur,
1587 1431 1707 1479 Per-

215 1514 379 1561 diccas
405 1512 541 1575 apud
565 1511 736 1558 Nilum
764 1510 954 1557 flumen
983 1510 1285 1556 interficitur
1316 1510 1380 1556 ab
1411 1508 1621 1556 Seleuco
1651 1517 1705 1556 et

215 1590 515 1654 Antigene,2
532 1605 803 1652 rerumque
823 1604 1020 1635 summa
1035 1587 1101 1634 ad
1114 1588 1446 1649 Antipatrum
1459 1585 1703 1634 defertur.

215 1668 312 1714 Hic
357 1670 443 1730 qui
486 1667 836 1722 deseruerant,
881 1668 1109 1712 exercitu
1151 1663 1445 1728 suffragium
1486 1663 1705 1721 ferente,

213 1748 392 1807 capitis
431 1745 669 1791 absentes
707 1744 1032 1798 damnantur,
1068 1745 1122 1788 in
1158 1745 1216 1789 iis
1254 1742 1528 1789 Eumenes.
1594 1742 1706 1789 Hac

212 1823 296 1869 ille
329 1821 586 1884 perculsus
619 1821 788 1884 plaga,
821 1838 923 1867 non
955 1820 1221 1866 succubuit
1251 1836 1420 1882 neque
1455 1836 1515 1866 eo
1547 1822 1704 1867 setius

213 1900 403 1947 bellum
437 1900 823 1946 administravit.
890 1897 992 1945 Sed
1025 1897 1181 1944 exiles
1213 1914 1293 1944 res
1327 1899 1481 1943 animi
1511 1900 1706 1961 magni-

213 1978 463 2033 tudinem,
510 1979 607 2023 etsi
652 1993 754 2023 non
797 1974 1123 2039 frangebant,
1167 1981 1344 2021 tamen
1387 1975 1703 2022 minuebant.

164 2061 189 2099 2
213 2055 363 2101 Hunc
418 2070 729 2117 persequens
786 2053 1093 2116 Antigonus,
1149 2069 1264 2099 cum
1321 2054 1458 2099 omni
1513 2068 1702 2116 genere

214 2135 472 2194 copiarum
505 2131 807 2186 abundaret,
839 2146 992 2192 saepe
1024 2132 1078 2176 in
1108 2130 1374 2176 itineribus
1405 2130 1704 2186 vexabatur,

215 2225 384 2272 neque
415 2225 658 2271 umquam
692 2208 757 2254 ad
787 2224 995 2253 manum
1029 2207 1270 2253 accedere
1301 2206 1490 2253 licebat
1520 2209 1615 2253 nisi
1645 2209 1704 2253 iis

165 2295 190 2334 3
213 2286 331 2333 locis
382 2287 563 2348 quibus
611 2287 760 2348 pauci
807 2284 979 2331 multis
1028 2291 1238 2347 possent
1284 2286 1537 2330 resistere.
1604 2282 1704 2331 Sed

212 2371 443 2410 extremo
490 2370 741 2425 tempore,
788 2379 904 2408 cum
952 2361 1156 2408 consilio
1204 2363 1317 2423 capi
1363 2377 1466 2407 non
1512 2368 1704 2423 posset,

273 2458 290 2483 ²
319 2459 482 2504 funere,
502 2458 554 2497 M
573 2459 610 2497 R
627 2458 664 2497 A
688 2458 863 2506 (written
881 2457 1044 2507 above);
1078 2469 1269 2503 munere,
1288 2455 1351 2497 the
1369 2455 1479 2496 other
1496 2454 1632 2496 MSS.
1703 2487 1706 2489 Α

272 2512 288 2536 ²
318 2513 544 2564 Antigene,
573 2512 666 2551 Van
686 2512 905 2559 Staveren3
942 2511 1177 2562 Antigono,
1199 2509 1332 2550 MSS.

216 2570 307 2631 580
