1802 2942
591 196 986 245 CORNELIUS
1030 196 1251 245 NEPOS

167 325 468 388 praesertim
504 341 619 371 cum
656 327 880 371 animum
916 324 1224 371 attendisset
1260 324 1326 371 ad
1360 325 1657 371 cavendum.

174 393 357 454 Itaque
396 392 461 439 ad
484 391 892 454 Tissaphernem,
916 390 1236 454 praefectum
1258 394 1393 454 regis
1420 391 1580 447 Darii,
1604 407 1660 439 se

117 468 142 508 3
167 459 397 506 contulit.
471 458 623 505 Cuius
674 475 790 505 cum
839 462 892 504 in
940 461 1175 505 intimam
1224 461 1499 505 amicitiam
1547 475 1661 521 per-

170 530 391 572 venisset
411 532 464 572 et
483 525 892 581 Atheniensium,
910 525 1044 572 male
1063 528 1220 589 gestis
1238 528 1292 571 in
1309 524 1476 572 Sicilia
1491 527 1661 582 rebus,

170 610 290 655 opes
333 609 615 649 senescere,
657 600 834 639 contra
876 592 1395 639 Lacedaemoniorum
1436 609 1660 640 crescere

169 661 383 717 videret,
432 664 576 706 initio
626 677 742 706 cum
792 659 1034 706 Pisandro
1083 667 1338 723 praetore,
1389 663 1475 722 qui
1525 660 1662 723 apud

169 726 377 774 Samum
410 731 691 773 exercitum
723 726 966 783 habebat,
999 742 1092 789 per
1122 730 1463 773 internuntios
1496 727 1662 774 conlo-

169 798 342 857 quitur
392 801 445 840 et
495 795 558 841 de
607 795 778 840 reditu
827 811 916 840 suo
965 793 1090 840 facit
1136 797 1467 840 mentionem.
1535 794 1662 841 Erat

170 865 306 908 enim
337 862 518 907 eodem
548 878 647 924 quo
678 861 967 907 Alcibiades
998 877 1166 916 sensu,
1195 861 1368 923 populi
1396 864 1662 923 potentiae

116 936 142 973 4
166 946 267 975 non
287 931 474 974 amicus
497 936 550 974 et
570 931 894 990 optimatium
913 927 1098 974 fautor.
1148 929 1230 974 Ab
1250 928 1344 975 hoc
1363 928 1659 984 destitutus,

168 999 388 1058 primum
419 1012 512 1057 per
544 995 934 1058 Thrasybulum,
970 995 1094 1059 Lyci
1127 995 1302 1051 filium,
1337 996 1400 1042 ab
1435 999 1663 1042 exercitu

168 1066 410 1124 recipitur
441 1070 748 1125 praetorque
781 1062 839 1108 fit
872 1063 1009 1124 apud
1040 1061 1275 1117 Samum3
1324 1070 1458 1124 post,
1490 1062 1663 1109 suffra-

169 1137 326 1194 gante
367 1129 702 1185 Theramene,
743 1129 917 1192 populi
957 1132 1083 1176 scito
1123 1133 1411 1176 restituitur
1449 1133 1662 1193 parique

170 1198 351 1243 absens
381 1200 592 1259 imperio
622 1197 914 1260 praeficitur
942 1196 1091 1244 simul
1119 1214 1234 1244 cum
1263 1196 1578 1261 Thrasybulo
1608 1204 1663 1245 et

168 1264 503 1310 Theramene.

116 1340 141 1378 5
232 1331 427 1377 Horum
457 1334 510 1376 in
539 1333 751 1393 imperio
782 1337 931 1377 tanta
961 1334 1294 1377 commutatio
1323 1347 1494 1378 rerum
1524 1330 1663 1379 facta

95 1407 98 1408 ’
171 1405 266 1453 est,
292 1406 351 1445 ut
378 1398 786 1454 Lacedaemonii,
813 1401 899 1461 qui
924 1398 1075 1460 paulo
1102 1405 1223 1444 ante
1249 1402 1464 1445 victores
1489 1402 1663 1462 vigue-

168 1472 301 1521 rant,
337 1469 597 1527 perterriti
632 1482 813 1527 pacem
848 1472 1104 1527 peterent.
1172 1465 1306 1512 Victi
1343 1469 1479 1512 enim
1516 1473 1663 1514 erant

169 1536 394 1595 quinque
440 1532 641 1595 proeliis
687 1533 1031 1588 terrestribus,
1077 1533 1239 1579 tribus
1285 1533 1564 1590 navalibus,
1609 1537 1662 1580 in

170 1601 351 1662 quibus
402 1600 648 1646 ducentas
699 1616 852 1646 naves
902 1603 1135 1646 triremes
1187 1603 1478 1656 amiserant,
1529 1617 1661 1663 quae

118 1675 143 1714 6
167 1674 349 1729 captae
375 1670 428 1712 in
453 1666 676 1713 hostium
701 1674 949 1713 venerant
974 1674 1304 1729 potestatem.
1373 1667 1661 1715 Alcibiades

169 1734 317 1781 simul
349 1751 466 1781 cum
495 1734 699 1797 collegis
724 1741 990 1796 receperat
1016 1734 1228 1790 Ioniam,
1252 1734 1662 1797 Hellespontum,

167 1801 354 1847 multas
389 1808 660 1863 praeterea
693 1802 844 1848 urbes
882 1801 1120 1857 Graecas,
1156 1818 1288 1864 quae
1322 1805 1375 1847 in
1411 1818 1498 1848 ora
1532 1806 1661 1849 sitae

169 1875 288 1915 sunt
321 1868 514 1924 Asiae,1
548 1885 762 1931 quarum
797 1875 1152 1932 expugnarant
1185 1868 1485 1930 complures,
1517 1872 1570 1915 in
1601 1873 1661 1916 iis

169 1935 491 1998 Byzantium,
526 1952 694 1998 neque
730 1939 895 1982 minus
930 1935 1116 1982 multas
1153 1936 1357 1982 consilio
1393 1936 1459 1983 ad
1494 1939 1662 1983 amici-

169 2006 295 2049 tiam
324 2003 680 2058 adiunxerant,
710 2003 846 2065 quod
873 2005 925 2048 in
953 2010 1129 2065 captos
1157 2003 1430 2049 clementia
1457 2002 1662 2051 fuerant

118 2077 142 2116 7
167 2073 258 2116 usi.
329 2069 410 2116 Ita
426 2070 617 2131 praeda
634 2073 819 2126 onusti,
835 2070 1147 2132 locupletato
1166 2074 1412 2128 exercitu,
1427 2074 1661 2119 maximis

167 2137 319 2184 rebus
343 2140 518 2201 gestis,
541 2136 773 2184 Athenas
796 2144 1063 2185 venerunt.

690 2287 708 2312 ²
736 2286 956 2333 Thraciae,
980 2287 1024 2326 Ν
1027 2286 1118 2337 ipp.

234 2497 250 2520 ¹
279 2496 347 2535 He
365 2509 452 2535 was
470 2509 680 2547 governor
698 2496 742 2536 of
759 2496 898 2548 Lydia
915 2496 1003 2535 and
1017 2496 1141 2536 Caria
1159 2497 1295 2536 under
1312 2497 1469 2537 Darius
1486 2497 1660 2539 Nothus

175 2551 384 2598 (424-405
404 2552 522 2600 13.c.).

167 2640 258 2684 444
