1747 2912
85 1538 132 1577 10

83 1975 131 2013 11

528 92 583 140 L.
634 92 968 140 ANNAEUS
1019 93 1286 141 FLORUS

170 220 480 282 “accipite''
553 220 621 266 Et
657 236 864 266 excusso
905 224 957 265 in
987 220 1154 266 media
1186 224 1323 267 curia
1356 228 1508 284 togae
1544 239 1655 284 gre-

169 310 269 352 mio
295 324 396 352 non
423 310 530 354 sine
554 307 774 365 horrore,
792 310 932 370 quasi
957 307 1107 369 plane
1128 311 1239 353 sinu
1266 308 1457 354 bellum
1479 309 1655 369 ferret,

171 394 360 440 effudit.

242 481 426 528 Similis
468 486 632 528 exitus
665 482 787 528 belli
824 486 980 529 initiis
1024 481 1133 529 fuit.
1209 483 1339 528 Nam
1382 487 1523 546 quasi
1565 484 1655 530 has

169 568 372 615 inferias
421 570 514 615 sibi
562 569 956 631 Saguntinorum
1003 570 1214 616 ultimae
1263 570 1400 616 dirae
1460 574 1513 616 in
1570 571 1657 617 illo

170 656 371 718 publico
443 657 708 718 parricidio
779 657 1117 719 incendioque
1188 657 1529 715 mandassent,
1586 661 1657 705 ita

169 745 398 790 manibus
417 761 588 790 eorum
608 748 888 790 vastatione
910 744 1105 801 Italiae,
1124 748 1419 806 captivitate
1440 745 1655 803 Africae,

171 831 355 877 ducum
414 838 467 877 et
522 848 698 893 regum
754 835 840 894 qui
893 831 946 877 id
1004 847 1206 893 gessere
1266 832 1455 878 bellum
1502 836 1657 880 exitio

173 926 495 980 parentatum
538 926 628 965 est.
705 919 867 981 Igitur
905 919 990 965 ubi
1033 918 1189 965 semel
1231 935 1283 965 se
1321 922 1374 965 in
1413 920 1658 982 Hispania

169 1010 328 1052 movit
363 1006 448 1051 illa
484 1010 645 1068 gravis
684 1013 737 1053 et
774 1006 1002 1053 luctuosa
1037 1006 1212 1052 Punici
1244 1006 1364 1053 belli
1398 1011 1469 1054 vis
1503 1014 1656 1070 atque

169 1100 446 1155 tempestas
480 1094 893 1156 destinatumque
935 1094 1168 1140 Romanis
1207 1098 1304 1139 iam
1342 1094 1428 1140 diu
1462 1094 1657 1142 fulmen

171 1181 451 1242 Saguntino
498 1185 616 1243 igne
666 1181 913 1238 conflavit,
963 1184 1134 1227 statim
1191 1181 1407 1243 quodam
1460 1186 1655 1245 impetu

169 1276 311 1330 rapta
347 1269 536 1314 medias
576 1268 821 1330 perfregit
860 1269 1017 1330 Alpes
1048 1275 1101 1315 et
1137 1272 1189 1314 in
1228 1268 1427 1315 Italiam
1461 1271 1525 1316 ab
1560 1269 1658 1316 illis

170 1355 425 1402 fabulosae
490 1356 773 1402 altitudinis
844 1357 1042 1402 nivibus
1114 1356 1254 1403 velut
1312 1356 1452 1403 caelo
1509 1361 1658 1404 missa

171 1443 450 1490 descendit.

238 1532 312 1577 Ac
361 1535 507 1593 primi
556 1531 759 1594 quidem
808 1535 1027 1593 impetus
1074 1532 1223 1577 turbo
1282 1535 1417 1578 inter
1466 1532 1657 1578 Padum

169 1625 322 1680 atque
340 1619 571 1664 Ticinum
596 1619 760 1664 valido
785 1622 957 1665 statim
982 1618 1181 1680 fragore
1207 1619 1455 1666 detonuit.
1528 1619 1657 1666 Tum

172 1705 405 1767 Scipione
445 1706 573 1752 duce
613 1706 751 1752 fusus
793 1709 1073 1761 exercitus3
1124 1710 1317 1752 saucius
1360 1710 1512 1753 etiam
1549 1710 1657 1769 ipse

170 1797 392 1840 venisset
416 1797 467 1838 in
493 1793 712 1840 hostium
738 1810 913 1839 manus
936 1797 1226 1855 imperator,
1251 1797 1344 1839 nisi
1369 1800 1657 1855 protectum

169 1888 365 1943 patrem
402 1887 752 1943 praetextatus
789 1880 1061 1926 admodum
1097 1880 1225 1927 filius
1262 1882 1325 1927 ab
1360 1885 1468 1943 ipsa
1492 1888 1656 1928 morte

171 1972 429 2030 rapuisset.
509 1969 607 2014 Hic
645 1972 741 2015 erit
780 1968 961 2029 Scipio,
998 1971 1084 2030 qui
1119 1972 1171 2013 in
1206 1971 1415 2014 exitium
1453 1967 1656 2016 Africae

171 2059 362 2115 crescit,
391 2072 578 2102 nomen
604 2072 665 2102 ex
691 2056 834 2101 malis
859 2059 965 2102 eius
989 2055 1263 2102 habiturus.

237 2143 411 2189 Ticino
437 2143 618 2189 Trebia
643 2143 881 2189 succedit.
958 2143 1059 2188 Hic
1085 2142 1305 2189 secunda
1333 2143 1507 2189 Punici
1532 2143 1654 2190 belli

171 2231 390 2293 procella
437 2231 663 2277 desaevit
705 2230 1001 2292 Sempronio
1050 2229 1267 2278 consule.
1344 2230 1473 2276 Tum
1520 2230 1655 2277 calli-

170 2315 359 2363 dissimi
384 2315 572 2374 hostes,
594 2315 835 2377 frigidum
855 2322 908 2362 et
932 2315 1149 2361 nivalem
1174 2318 1346 2361 nancti
1370 2315 1523 2374 diem,
1541 2331 1656 2362 cum

775 2463 790 2489 1
820 2464 898 2504 218
919 2474 1003 2504 Rc.

172 2529 235 2587 96
