1802 2942
570 177 627 226 L.
678 176 1011 223 ANNAEUS
1060 176 1332 224 FLORUS

205 325 481 388 praesidia3
535 325 663 373 Saxa
700 325 899 388 legatus
940 341 1005 372 ne
1048 328 1246 372 veniret
1284 329 1337 371 in
1379 331 1688 387 potestatem

142 422 167 460 5
205 414 373 476 gladio
389 412 410 442 1
437 417 739 475 impetravit.
802 413 1039 475 Denique
1063 412 1230 459 ablata
1255 412 1397 476 Syria
1422 413 1693 460 emanabat

205 501 354 548 latius
389 501 592 558 malum,
631 500 860 547 hostibus
899 502 991 546 sub
1028 500 1198 546 auxilii
1241 503 1410 562 specie
1453 501 1547 547 sibi
1585 504 1691 546 vin-

207 589 453 646 centibus,
501 591 597 635 nisi
647 587 931 644 Ventidius,
980 593 1034 634 et
1079 587 1161 634 hic
1208 587 1407 649 legatus
1456 588 1688 646 Antonii,

206 675 489 722 incredibili
541 675 786 722 felicitate
837 681 890 721 et
938 674 1148 721 Labieni
1205 678 1369 736 copias
1425 678 1690 737 ipsumque

207 765 447 810 Pacorum
464 770 517 809 et
541 779 744 808 omnem
771 761 1060 808 Parthicum
1080 766 1362 824 equitatum
1381 768 1491 809 toto
1510 762 1531 792 2
1555 765 1693 808 inter

146 858 172 898 6
209 851 442 898 Oronten
467 857 520 896 et
547 850 844 912 Euphraten
868 853 980 896 sinu
1009 849 1112 896 late
1138 849 1416 896 cecidisset.
1490 849 1691 912 Viginti

205 938 419 1001 amplius
454 938 648 983 milium
680 937 792 983 fuit.
865 937 975 983 Nec
1014 940 1123 983 sine
1165 937 1371 983 consilio
1407 936 1565 995 ducis,
1600 940 1687 1000 qui

208 1025 441 1072 simulato
475 1032 616 1071 metu
653 1023 780 1071 adeo
816 1040 988 1086 passus
1027 1031 1104 1070 est
1133 1023 1333 1071 hostem
1372 1027 1544 1071 castris
1582 1041 1691 1071 suc-

206 1113 405 1169 cedere,
431 1112 593 1158 donec
618 1112 885 1174 absumpto
909 1115 1069 1158 iactus
1095 1115 1256 1173 spatio
1281 1111 1528 1158 adimeret
1543 1128 1688 1159 usum

148 1207 173 1249 7
208 1204 517 1262 sagittarum.
594 1199 701 1245 Rex
726 1198 997 1245 fortissime
1022 1199 1266 1246 dimicans
1292 1198 1492 1245 cecidit.
1568 1200 1691 1246 Mox

207 1287 499 1335 circumlato
536 1290 641 1333 eius
679 1303 770 1348 per
805 1287 971 1344 urbes,
1002 1302 1130 1348 quae
1169 1285 1504 1345 desciverant,
1529 1290 1695 1349 capite

209 1375 350 1438 Syria
395 1378 502 1421 sine
545 1373 679 1420 bello
717 1380 935 1435 recepta.
1011 1373 1092 1420 Sic
1134 1373 1443 1421 Crassianam
1492 1373 1690 1422 cladem

209 1463 380 1509 Pacori
406 1461 561 1508 caede
587 1464 921 1523 pensavimus

401 1705 512 1751 XX.
554 1704 754 1750 BELLVM
795 1704 1091 1750 PARTHICVM
1129 1720 1212 1750 sz
1250 1704 1489 1750 ANTomo

120 1814 288 1871 1111,10
322 1813 569 1859 EXPER'ms
607 1815 822 1858 invicem
864 1811 1060 1858 Parthis
1101 1818 1254 1874 atque
1296 1811 1545 1869 Romanis,
1579 1827 1694 1858 eum

209 1901 409 1947 Crassus
465 1906 518 1946 et
580 1899 790 1945 Pacorus
851 1902 1104 1961 utrimque
1165 1902 1343 1944 virium
1401 1905 1689 1946 mutuarum

207 1988 512 2035 documenta
531 1987 786 2043 fecissent,
806 1990 912 2049 pari
936 2003 1104 2033 rursus
1128 1989 1414 2033 reverentia
1438 1989 1694 2048 integrata

208 2079 441 2132 amicitia,
484 2081 538 2121 et
585 2074 790 2137 quidem
828 2074 891 2119 ab
930 2077 1037 2136 ipso
1079 2073 1257 2120 foedus
1305 2074 1530 2120 Antonio
1571 2089 1686 2120 cum

144 2169 169 2208 2
206 2179 327 2225 rege
363 2178 666 2224 percussum.
742 2160 1140 2208 Sed—inmensa
1176 2164 1367 2207 vanitas
1405 2160 1689 2207 hominis-

209 2251 329 2297 dum
353 2249 616 2296 titulorum
654 2249 890 2311 cupidine
927 2249 1129 2294 Araxen
1167 2254 1222 2294 et
1259 2248 1555 2310 Euphraten
1594 2248 1688 2294 sub

209 2338 509 2399 imaginibus
533 2340 631 2382 suis
656 2336 759 2398 legi
783 2339 1107 2397 concupiscit,
1133 2351 1300 2398 neque
1337 2352 1483 2381 causa
1520 2350 1691 2398 neque

425 2463 442 2488 ²
472 2463 618 2517 gladio
648 2464 838 2504 Vossius:
870 2461 1043 2502 claudio
1061 2463 1123 2504 B:
1154 2461 1354 2502 aclaudio
1377 2462 1471 2502 NL.

426 2517 443 2542 ²
471 2518 720 2569 equitatum
739 2521 837 2557 toto
854 2528 863 2557 :
895 2521 941 2557 et
960 2529 1045 2569 que
1064 2519 1240 2556 tantum
1261 2520 1407 2556 totum
1426 2516 1477 2556 B.

206 2596 302 2655 318
