1747 2912
518 154 573 200 L.
625 151 958 199 ANNAEUS
1007 151 1279 198 FLORUS

97 290 146 331 16
179 283 328 333 bello.
416 281 517 329 Sed
564 281 795 327 fiduciam
829 279 1093 342 oppidanis
1136 278 1408 325 resistendi
1453 282 1664 325 nuntius

182 360 320 416 fecit,
369 360 554 405 docens
602 359 876 405 adventare
938 356 1221 414 Lucullum,
1270 356 1663 419 qui—horribile

182 438 482 498 dictu—per
504 435 695 481 medias
734 434 953 480 hostium
986 449 1138 480 naves
1169 439 1283 479 utre
1308 449 1576 494 suspensus
1612 439 1668 479 et

181 514 395 577 pedibus
453 517 551 559 iter
597 513 903 574 gubernans,
949 511 1238 556 videntibus
1297 510 1469 572 procul
1528 513 1667 572 quasi

97 600 145 642 17
182 595 373 637 marina
407 593 575 653 pristis
612 596 850 636 evaserat.
929 588 1048 634 Mox
1084 587 1227 634 clade
1264 604 1518 645 conversa,
1553 604 1667 634 cum

183 686 245 716 ex
268 685 406 714 mora
430 667 609 713 obsidii
645 683 819 728 regem
855 666 1013 711 fames
1039 672 1092 711 et
1130 681 1192 711 ex
1217 663 1350 711 fame
1376 664 1668 726 pestilentia

184 752 442 808 urgueret,
465 744 794 790 recedentem
831 742 1072 788 Lucullus
1109 742 1403 804 adsequitur
1439 741 1667 803 adeoque

184 821 406 879 cecidit,1
443 828 502 868 ut
551 821 797 867 Granicus
844 826 899 866 et
945 817 1211 881 Aesepus2
1250 835 1424 865 amnes
1472 823 1668 865 cruenti

97 909 145 949 18
180 900 528 947 redderentur.
622 899 727 944 Rex
776 897 983 943 callidus
1035 897 1390 959 Romanaeque
1431 899 1670 942 avaritiae

182 982 373 1041 peritus
421 980 587 1039 spargi
633 992 810 1021 aurum
856 992 884 1020 a
941 974 1257 1036 fugientibus
1301 980 1354 1020 et
1402 977 1666 1035 pecuniam

183 1059 343 1112 iussit,
392 1071 489 1116 qua
537 1059 809 1116 sequentes
856 1058 1147 1097 moraretur.
1223 1051 1332 1097 Nec
1379 1050 1571 1097 felicior
1617 1054 1669 1096 in

182 1137 305 1179 mari
342 1149 491 1194 quam
528 1138 663 1177 terra
701 1130 833 1192 fuga.
923 1130 1127 1191 Quippe
1166 1128 1409 1175 centum3
1456 1127 1672 1190 amplius

183 1214 386 1256 navium
444 1209 652 1254 classem
699 1214 942 1269 apparatu
991 1207 1113 1253 belli
1161 1223 1366 1267 gravem
1428 1204 1674 1251 Pontico4

184 1291 308 1334 mari
332 1287 568 1348 adgressa
602 1292 878 1346 tempestas
904 1292 1008 1331 tam
1041 1283 1190 1329 foeda
1214 1291 1382 1345 strage
1417 1283 1672 1341 laceravit,

98 1373 147 1414 19
180 1373 238 1412 ut
261 1364 449 1410 navalis
475 1363 596 1409 belli
621 1367 778 1409 instar
803 1363 1041 1418 efficeret,
1068 1361 1319 1423 planeque
1344 1368 1402 1407 ut
1430 1360 1670 1406 Lucullus

185 1443 400 1506 quodam
438 1458 551 1487 cum
599 1440 831 1486 fluctibus
867 1439 1201 1502 procellisque
1238 1442 1536 1484 commercio
1584 1438 1671 1484 de-

94 1529 147 1569 20
184 1519 475 1567 bellandum
514 1518 780 1564 tradidisse
815 1534 988 1579 regem
1024 1519 1189 1563 ventis
1224 1516 1493 1562 videretur.
1567 1515 1673 1561 Ad-

186 1602 336 1644 tritae
373 1601 471 1642 iam
509 1611 683 1642 omnes
720 1595 1010 1640 validissimi
1046 1597 1190 1655 regni
1228 1596 1356 1639 vires
1397 1600 1558 1650 erant,
1583 1593 1672 1639 sed

96 1684 147 1722 21
183 1679 377 1721 animus
437 1673 579 1719 malis
637 1674 929 1735 augebatur.
1035 1672 1214 1734 Itaque
1273 1687 1539 1717 conversus
1608 1671 1672 1716 ad

186 1757 435 1815 proximas
471 1758 654 1813 gentes
690 1758 855 1796 totum
893 1766 1054 1811 paene
1091 1752 1340 1795 orientem
1376 1765 1432 1794 ac
1469 1755 1670 1810 septen-

184 1835 401 1877 trionem
439 1832 580 1874 ruina
617 1845 703 1874 sua
739 1827 962 1873 involvit.
1038 1827 1237 1882 Hiberi,
1271 1826 1450 1888 Caspii,
1489 1825 1671 1872 Albani

187 1915 240 1954 et
276 1914 520 1968 utraeque
557 1905 892 1951 sollicitantur
918 1905 1206 1960 Armeniae,
1230 1919 1321 1965 per
1354 1919 1482 1965 quae
1507 1906 1674 1948 omnia

187 1985 339 2031 decus
386 1990 439 2029 et
486 1999 672 2028 nomen
721 1990 774 2028 et
831 1981 1006 2027 titulos
1053 1981 1240 2043 gloriae
1302 1980 1538 2042 Pompeio
1585 1996 1675 2026 suo

97 2069 149 2108 22
187 2063 409 2108 Fortuna
446 2061 734 2123 quaerebat.
809 2058 909 2116 Qui
945 2060 1031 2105 ubi
1066 2061 1208 2104 novis
1241 2059 1461 2104 motibus
1495 2057 1672 2104 ardere

188 2142 360 2185 Asiam
408 2138 549 2184 videt
590 2137 811 2199 aliosque
855 2152 917 2182 ex
959 2136 1067 2182 aliis
1108 2134 1307 2197 prodire
1346 2151 1507 2197 reges,
1546 2134 1671 2180 nihil

474 2234 491 2259 1
520 2233 681 2273 cecidit
700 2234 762 2272 L:
792 2232 937 2272 caedit
959 2234 1020 2273 B:
1049 2231 1235 2271 caecidit
1254 2232 1313 2271 N.

476 2289 491 2313 ²
520 2290 717 2338 Aesepus
738 2289 999 2328 Salmasius:
1029 2299 1210 2339 aesopus
1231 2287 1344 2325 codd.

476 2341 494 2366 ⁸
520 2351 696 2380 centum
717 2355 795 2380 om.
816 2342 866 2380 B.

475 2397 492 2420 4
522 2395 728 2435 Pontico:
760 2395 805 2434 in
826 2395 1004 2446 pontico
1024 2393 1130 2434 NL:
1162 2397 1301 2445 pontu
1321 2393 1371 2432 B.

508 2504 522 2528 ²
552 2507 619 2544 πλε.
645 2503 831 2543 Greater
850 2503 936 2542 and
959 2502 1111 2542 Lesser
1132 2502 1352 2541 Armenia.

193 2564 285 2621 184
