1747 2912
512 197 566 244 L.
619 195 953 242 ANNAEUS
1004 193 1273 240 FLORUS

68 335 117 374 19
155 329 380 374 exercitu
423 324 728 371 festinatio?
811 322 936 369 Cum
979 320 1196 384 Pyrrhus
1239 318 1434 366 “video
1470 334 1553 366 me
1573 317 1600 335 ’⁹
1623 317 1644 349 1

65 576 117 615 20

67 980 117 1019 21

70 1464 122 1504 23

73 1868 126 1908 24

155 411 320 469 inquit
380 405 579 467 “plane
635 410 955 467 procreatum
1004 401 1241 448 Herculis
1296 403 1504 457 semine,
1565 402 1645 446 cui

155 491 294 550 quasi
341 487 403 532 ab
446 502 611 548 angue
655 484 884 531 Lernaeo
920 489 999 530 tot
1038 498 1181 528 caesa
1223 481 1444 528 hostium
1481 483 1646 542 capita

157 571 296 631 quasi
338 567 402 613 de
442 569 686 628 sanguine
737 581 825 611 suo
865 562 1242 611 renascuntur.'’
1333 561 1435 619 Qui
1473 567 1646 608 autem

154 649 240 695 ille
279 654 484 695 senatus
523 646 636 704 fuit,
675 663 788 692 cum
821 651 1089 707 perorante
1120 644 1288 705 Appio
1321 642 1482 689 Caeco
1516 641 1647 704 pulsi

158 747 271 776 cum
304 728 596 774 muneribus
622 730 721 773 suis
745 727 810 773 ab
835 727 958 772 urbe
984 725 1142 787 legati
1167 726 1504 785 interroganti
1538 725 1647 784 regi

157 827 256 867 suo,
287 809 407 872 quid
434 809 496 855 de
524 808 746 854 hostium
771 806 890 853 sede
912 809 1179 862 sentirent,
1196 805 1374 851 urbem
1398 803 1648 865 templum

161 892 253 938 sibi
278 894 448 947 visam,
475 895 708 935 senatum
740 904 918 950 regum
955 902 1063 933 esse
1089 901 1379 931 concessum
1399 883 1418 913 2
1442 883 1646 930 confite-

158 973 367 1019 rentur?
451 969 552 1027 Qui
572 985 718 1032 porro
744 972 838 1031 ipsi
871 967 1060 1014 duces?
1131 966 1225 1013 Vel
1248 969 1302 1011 in
1326 968 1514 1022 castris,
1535 981 1648 1010 cum

154 1053 408 1099 medicum
473 1050 652 1096 venale
706 1052 839 1111 regis
895 1055 1048 1110 caput
1102 1047 1400 1094 offerentem
1472 1045 1648 1092 Curius

155 1136 365 1191 remisit,
391 1132 644 1178 Fabricius
670 1130 892 1176 oblatam
917 1131 1011 1176 sibi
1035 1146 1063 1174 a
1087 1144 1209 1190 rege
1234 1130 1432 1190 imperii
1451 1133 1649 1189 partem

159 1214 472 1277 repudiavit3
531 1212 611 1258 vel
659 1215 711 1257 in
760 1227 899 1273 pace,
951 1227 1063 1256 cum
1113 1209 1288 1255 Curius
1337 1207 1509 1254 fictilia
1562 1224 1650 1253 sua

159 1295 433 1342 Samnitico
482 1292 762 1355 praeferret
799 1307 936 1349 auro,
976 1291 1228 1337 Fabricius
1262 1289 1440 1336 decem
1479 1288 1649 1351 pondo

156 1379 355 1438 argenti
414 1378 543 1420 circa
605 1373 839 1419 Rufinum
898 1371 1212 1418 consularem
1287 1373 1449 1416 virum
1509 1372 1650 1432 quasi

158 1457 404 1503 luxuriam
443 1458 669 1501 censoria
707 1457 956 1515 gravitate
999 1453 1276 1498 damnaret.
1362 1449 1492 1507 Quis
1529 1466 1651 1512 ergo

159 1541 370 1583 miretur
409 1536 486 1582 his
523 1536 743 1581 moribus
785 1550 845 1580 ea
886 1537 1073 1580 virtute
1107 1533 1327 1578 militum
1365 1529 1648 1577 victorem³

159 1618 402 1680 populum
434 1614 750 1662 Romanum4
773 1614 942 1672 fuisse,
970 1629 1171 1676 unoque
1208 1612 1343 1659 bello
1378 1612 1654 1659 Tarentino

160 1703 293 1745 intra
318 1698 705 1761 quadriennium
737 1699 1007 1741 maximam
1031 1701 1229 1757 partem
1266 1692 1461 1750 Italiae,
1487 1691 1652 1738 fortis-

163 1784 310 1826 simas
369 1785 565 1840 gentes,
616 1777 1022 1839 opulentissimas
1082 1775 1230 1822 urbes
1277 1775 1652 1836 uberrimasque

163 1865 396 1924 regiones
423 1861 718 1922 subegisse?
787 1861 895 1905 Aut
924 1858 1045 1921 quid
1082 1858 1209 1904 adeo
1246 1856 1398 1903 fidem
1432 1862 1652 1919 superet,

163 1959 312 2005 quam
369 1946 408 1988 si
456 1944 701 2003 principia
756 1940 878 1986 belli
935 1956 1049 1985 cum
1103 1942 1242 1985 exitu
1290 1937 1653 1985 conferantur?

163 2024 335 2070 Victor
371 2027 531 2085 primo
570 2022 760 2085 proelio
796 2021 1033 2085 Pyrrhus,
1070 2027 1179 2067 tota
1214 2025 1471 2066 tremente
1509 2018 1653 2065 Cam-

164 2108 310 2167 pania
345 2104 500 2149 Lirim
544 2103 900 2166 Fregellasque
943 2101 1228 2164 populatus,
1266 2094 1422 2162 prope
1456 2105 1655 2161 captam

165 2187 339 2232 urbem
375 2202 403 2230 a
442 2184 769 2231 Praenestina
804 2199 918 2229 arce
955 2185 1215 2246 prospexit
1249 2187 1303 2228 et
1327 2197 1356 2226 a
1380 2183 1655 2227 vicensimo

223 2327 238 2351 ¹
267 2326 395 2366 video
416 2339 483 2365 me
504 2327 540 2366 L
564 2327 672 2367 Voss.
697 2326 825 2366 Rehd.
852 2326 991 2365 Pazac.
1012 2340 1021 2364 z
1052 2324 1166 2364 idem
1185 2336 1312 2363 omne
1332 2323 1428 2362 BN.

169 2380 239 2477 1¹7²
259 2394 519 2473 Ιοὲῑιοεεεαηι
557 2382 654 2420 add.
698 2381 852 2429 Aldus,
892 2381 946 2430 cf.
984 2379 1094 2419 Plut.
1139 2378 1293 2429 Pyrrh.
1342 2377 1406 2425 19,
1453 2376 1551 2416 Liv.
1593 2375 1650 2425 iit,

223 2489 239 2513 ³
269 2489 479 2527 victorem
500 2488 610 2527 NL:
642 2487 881 2526 exercitum
906 2485 954 2526 Β.

226 2543 241 2566 ⁴
268 2541 478 2593 populum
499 2553 726 2580 romanum
745 2542 855 2582 NL:
886 2539 1039 2593 populi
1060 2538 1228 2579 romani
1247 2539 1299 2579 B.

167 2620 230 2676 64
