1802 2942
131 354 182 393 25

132 964 184 1003 26

133 1487 185 1528 27

132 1749 186 1789 28

589 134 641 180 L.
694 133 1026 180 ANNAEUS
1077 133 1347 181 FLORUS

219 268 338 307 erat.
414 261 666 319 Quattuor
705 262 842 307 milia
882 261 1170 308 deditorum
1210 265 1478 308 inermium
1519 264 1701 308 civium

219 351 271 393 in
297 348 427 393 Villa
466 348 670 394 Publica
693 348 908 395 interfici
931 351 1105 395 iussit:
1140 351 1224 395 isti
1260 354 1338 394 tot
1373 351 1426 393 in
1451 364 1574 410 pace
1598 364 1701 394 non

219 435 387 497 plures
431 438 582 481 sunt?
656 435 781 493 Quis
817 442 988 482 autem
1034 435 1146 482 illos
1192 441 1362 497 potest
1410 442 1703 497 conputare,

220 538 343 584 quos
368 525 418 567 in
443 523 566 568 urbe
593 527 774 584 passim
800 526 1023 586 quisquis
1050 522 1208 568 voluit
1232 521 1452 568 occidit?
1525 521 1706 568 Donec

219 609 525 656 admonente
552 610 745 656 Fufidio
762 608 783 638 1
820 613 986 657 vivere
1012 609 1202 672 aliquos
1228 609 1432 666 debere,
1456 616 1514 655 ut
1537 615 1708 655 essent

221 697 400 759 quibus
437 700 724 758 imperaret,
761 701 1015 759 proposita
1054 703 1132 743 est
1169 700 1349 758 ingens
1385 695 1472 741 illa
1516 696 1707 754 tabula,

221 789 274 830 et
299 799 360 829 ex
386 787 492 845 ipso
519 788 765 846 equestris
791 783 978 830 ordinis
1011 783 1129 830 flore
1155 800 1211 829 ac
1237 789 1415 829 senatu
1442 783 1542 829 duo
1570 783 1708 828 milia

220 870 410 927 electi?
435 874 520 933 qui
556 875 682 916 mori
716 872 1042 918 iuberentur:
1077 874 1192 917 novi
1230 874 1430 932 generis
1468 870 1703 917 edietum.

220 957 452 1019 Longum
511 965 624 1020 post
681 958 806 1005 haee
859 957 1048 1005 referre
1108 958 1325 1004 ludibrio
1371 958 1544 1004 habita
1605 957 1709 1004 fata

222 1045 473 1102 Carbonis,
504 1044 642 1091 fata3
679 1045 869 1103 Sorani,
898 1045 1171 1091 Plaetorios
1208 1052 1362 1107 atque
1400 1044 1710 1102 Venuleios,4

223 1131 465 1178 Baebium
504 1136 612 1179 sine
649 1131 782 1179 ferro
818 1136 918 1180 ritu
956 1132 1174 1179 ferarum
1210 1136 1345 1179 inter
1373 1148 1550 1178 manus
1585 1132 1708 1178 lani-

221 1226 378 1276 atum,
397 1219 627 1277 Marium,
646 1220 785 1266 ducis
801 1223 954 1282 ipsius
970 1220 1195 1277 fratrem,
1211 1219 1346 1281 apud
1362 1219 1526 1266 Catuli
1543 1219 1709 1282 sepul-

222 1323 361 1352 crum
398 1306 552 1353 oculis
602 1307 805 1364 effossis,
842 1308 1070 1353 manibus
1119 1309 1444 1369 cruribusque
1493 1306 1709 1353 effractis

223 1400 475 1440 servatum
507 1393 815 1456 aliquandiu,
842 1400 898 1440 ut
933 1411 1024 1456 per
1060 1394 1256 1456 singula
1287 1395 1514 1440 membra
1549 1409 1709 1440 more-

222 1487 372 1527 retur.
463 1481 623 1527 Possis
660 1482 972 1543 singulorum
1015 1481 1275 1527 hominum
1322 1480 1454 1527 ferre
1490 1497 1710 1543 poenas:

220 1571 491 1630 municipia
542 1569 716 1615 Italiae
765 1568 1170 1630 splendidissima
1210 1569 1301 1614 sub
1349 1568 1493 1614 hasta
1540 1571 1711 1615 venie-

221 1662 356 1712 runt,
382 1654 678 1716 Spoletium,
707 1655 1090 1712 Interamnium,
1119 1655 1407 1713 Praeneste,
1435 1655 1705 1702 Florentia.

224 1742 353 1787 Nam
426 1742 734 1799 Sulmonem,
796 1750 938 1789 vetus
999 1742 1241 1804 oppidum
1308 1746 1498 1788 socium
1557 1749 1709 1806 atque

222 1829 699 1876 amicum—facinus
770 1829 1209 1891 indignum—non
1279 1836 1540 1892 expugnat
1620 1837 1710 1877 aut

223 1916 422 1963 obsidet
458 1919 565 1962 iure
610 1917 760 1972 belli3
818 1917 906 1963 sed
956 1933 1054 1979 quo
1089 1916 1238 1962 modo
1274 1923 1437 1963 morte
1481 1917 1705 1964 damnati

222 2003 338 2049 duci
373 2004 626 2062 iubentur,
663 2007 732 2050 sic
769 2004 1058 2050 damnatam
1094 2007 1351 2050 civitatem
1388 2007 1532 2051 iussit
1568 2004 1707 2051 Sulla

221 2090 392 2136 deleri.

278 2198 294 2222 ²
323 2196 494 2236 Fufidio
515 2198 733 2236 Dukerus:
766 2197 939 2238 forfidio
959 2200 1021 2239 B:
1052 2197 1229 2238 furfidio
1248 2198 1342 2239 NL.

280 2251 296 2274 ²
325 2251 559 2290 ao—eleoti
579 2265 654 2291 om.
683 2253 730 2291 B.

278 2305 293 2329 ³
323 2304 417 2344 fata
446 2335 454 2344 .
492 2336 500 2344 .
538 2336 547 2344 .
581 2306 697 2345 fata:
728 2305 847 2345 faeta
878 2337 886 2346 .
922 2337 930 2345 .
968 2336 976 2346 .
1011 2306 1130 2345 faeta
1149 2307 1200 2346 B.

222 2414 259 2452 B
279 2360 294 2383 ⁴
323 2359 564 2398 Plaetorios
593 2364 727 2411 atque
756 2359 1013 2400 Venuleios:
1044 2360 1286 2412 plaetorius
1315 2362 1449 2411 atque
1480 2359 1709 2401 venuleius

223 2555 316 2605 254
