1802 2942
632 141 1027 191 CORNELIUS
1073 139 1294 188 NEPOS

213 284 301 314 suo
341 267 423 313 die
463 265 585 312 fecit
623 267 808 319 omnia,
839 280 938 326 quo
978 261 1172 309 factum
1211 269 1289 309 est
1326 269 1386 309 ut
1423 265 1531 309 eius
1569 262 1707 310 diem

162 352 185 389 9.
212 344 436 390 natalem
465 342 655 389 festum
683 342 898 388 haberet
926 343 1159 387 universa
1187 339 1367 386 Sicilia.
1437 340 1569 387 Huic
1597 344 1707 404 qui-

215 423 330 469 dam
368 419 714 484 LaphystiUS,1
747 419 898 465 homo
931 417 1166 481 petulans
1203 425 1257 464 et
1290 421 1536 481 ingratus,
1570 419 1709 466 vadi-

214 503 439 546 monium
466 515 580 544 cum
607 497 762 543 vellet
789 500 1067 558 imponere,
1096 495 1232 558 quod
1259 512 1373 542 cum
1400 495 1484 542 illo
1511 512 1564 543 se
1590 496 1707 560 lege

216 593 368 641 agere
405 577 614 630 diceret,
651 582 703 620 et
739 573 1020 636 complures
1056 576 1438 628 concurrissent,
1477 577 1561 636 qui
1595 591 1709 637 pro-

217 658 487 701 cacitatem
542 653 757 699 hominis
813 652 1044 697 manibus
1100 667 1330 697 coercere
1387 659 1709 709 conarentur,

215 732 476 779 Timoleon
507 734 668 777 oravit
698 746 872 776 omnes
902 745 966 775 ne
997 728 1049 775 id
1079 727 1322 774 facerent.
1393 728 1627 792 Namque
1656 730 1710 777 id

216 817 275 856 ut
312 808 591 872 Laphystio
629 814 683 854 et
719 810 872 854 cuivis
909 806 1102 861 liceret,
1139 822 1192 852 se
1229 809 1475 853 maximos
1511 806 1709 855 labores

217 902 514 949 summaque
567 886 746 931 adiisse
797 883 1034 946 pericula.
1105 883 1252 929 Hanc
1303 887 1438 929 enim
1489 888 1711 947 speciem

214 966 464 1012 libertatis
482 979 609 1018 esse,
625 966 665 1009 si
681 963 930 1017 omnibus,
947 962 1082 1024 quod
1098 964 1311 1024 quisque
1327 961 1499 1018 vellet,
1513 962 1713 1026 legibus

164 1052 188 1091 3
216 1046 432 1105 experiri
497 1041 689 1087 liceret.
761 1040 923 1095 Idem,
990 1056 1104 1085 cum
1171 1039 1377 1101 quidam
1444 1039 1712 1104 Laphystii

218 1120 406 1175 similis,
441 1122 644 1165 nomine
680 1118 1049 1172 Demaenetus,
1083 1120 1135 1162 in
1169 1120 1404 1163 contione
1438 1118 1612 1180 populi
1646 1119 1712 1166 de

216 1200 366 1244 rebus
411 1200 567 1260 gestis
613 1199 718 1242 eius
763 1194 1033 1241 detrahere
1077 1198 1328 1256 coepisset
1372 1212 1429 1241 ac
1471 1197 1713 1243 nonnulla

217 1275 542 1322 inveheretur
566 1277 617 1319 in
635 1273 971 1326 Timoleonta,
986 1272 1117 1319 dixit
1140 1289 1274 1318 nunc
1298 1273 1504 1319 demum
1528 1290 1582 1320 se
1607 1278 1711 1322 voti

219 1370 328 1400 esse
371 1353 698 1405 damnatum3
757 1367 977 1413 namque
1019 1349 1114 1396 hoc
1156 1367 1185 1396 a
1226 1351 1301 1397 dis
1343 1351 1712 1399 immortalibus

219 1447 418 1493 semper
458 1436 741 1492 precatum,
783 1435 841 1475 ut
882 1427 1040 1474 talem
1079 1427 1374 1474 libertatem
1414 1432 1712 1477 restitueret

219 1509 543 1572 Syracusanis
572 1510 623 1552 in
654 1523 754 1569 qua
783 1508 935 1552 cuivis
964 1505 1141 1553 liceret
1169 1506 1233 1553 de
1264 1522 1363 1569 quo
1392 1505 1547 1554 vellet
1577 1509 1712 1570 quod

218 1587 373 1634 vellet
396 1589 602 1647 impune
629 1585 811 1631 dicere.

167 1680 190 1715 4
281 1671 377 1717 Hie
409 1686 524 1716 cum
558 1669 693 1715 diem
719 1684 1010 1731 supremum
1037 1668 1244 1724 obisset,
1269 1667 1469 1730 publice
1508 1685 1538 1715 a
1563 1668 1713 1733 Syra-

218 1751 415 1795 cusanis
445 1751 496 1793 in
525 1749 790 1809 gymnasio
816 1746 951 1808 quod
973 1745 1382 1792 Timoleonteum
1406 1746 1710 1809 appellatur,

219 1833 331 1873 tota
358 1825 652 1872 celebrante
681 1823 863 1879 Sicilia,
893 1823 1121 1886 sepultus
1150 1830 1244 1870 est.

622 1983 765 2030 XXI.
806 1984 901 2030 DE
949 1983 1286 2031 REGIBUS2

283 2081 330 2131 1.
367 2082 435 2128 Hi
483 2081 589 2128 fere
639 2081 847 2128 fuerunt
895 2081 1154 2128 Graecae3
1203 2085 1372 2146 gentis
1425 2081 1578 2129 duces
1626 2086 1711 2146 qui

220 2164 463 2206 memoria
505 2160 644 2223 digni
686 2160 970 2215 videantur,
1011 2166 1216 2221 praeter
1254 2175 1431 2222 reges;
1490 2177 1711 2224 namque

279 2267 295 2291 1
324 2266 606 2318 Laphystius,
631 2266 855 2316 Lovgyzaeik
898 2266 1148 2311 Lamistius‚
1174 2270 1262 2312 etc„
1287 2265 1421 2306 MSS.

276 2321 292 2344 ²
320 2321 351 2358 J
356 2321 476 2359 oined
499 2321 545 2358 in
568 2320 630 2359 the
652 2319 785 2358 MSS.
810 2325 848 2359 to
870 2319 932 2359 the
953 2319 1048 2371 Life
1070 2319 1116 2371 of
1135 2319 1363 2366 Timoleon,
1378 2320 1475 2368 first
1496 2321 1712 2371 separated

219 2374 326 2424 from
347 2374 474 2442 ‘iffi’by
507 2372 676 2414 Caelius
709 2373 853 2421 Curio,
886 2373 983 2413 with
1016 2372 1078 2414 the
1110 2373 1196 2414 title
1230 2373 1337 2414 “De
1368 2373 1548 2425 Reqibus
1580 2374 1711 2415 brevis

223 2433 526 2528 nogagoraecae,
547 2494 576 2520 u
589 2495 600 2527 ;
637 2480 856 2528 Graeciae,
879 2480 930 2519 Μ
932 2480 1011 2521 SS.

223 2557 308 2604 512
