1747 2912
512 151 566 197 L.
619 151 954 198 ANNAEUS
1007 151 1279 199 FLORUS

102 286 128 322 4
157 282 197 324 si
243 285 428 340 posset,
469 279 698 341 Europae
740 280 1019 341 cupiditate
1067 279 1320 341 flagrabat.
1395 278 1548 341 Spem
1585 295 1642 325 ac

159 369 390 414 fiduciam
423 369 612 416 dabant
644 377 814 416 nostra
839 374 972 419 vitia.
1047 369 1250 433 Quippe
1276 387 1390 416 cum
1415 369 1643 416 civilibus

160 459 304 506 bellis
346 460 780 522 distringeremur,
818 462 1065 507 invitabat
1106 465 1315 518 occasio,
1349 460 1643 523 nudumque

159 549 290 596 latus
349 554 546 612 imperii
605 551 946 598 ostendebant
1004 551 1177 614 procul
1238 552 1441 608 Marius,
1490 551 1644 608 Sulla,

101 649 126 686 5
158 641 418 688 Sertorius.
497 642 637 688 Inter
672 642 797 688 haec
836 646 908 688 rei
945 642 1176 704 publicae
1214 642 1424 688 vulnera
1460 648 1514 689 et
1554 641 1644 688 hos

157 732 404 778 tumultus
441 739 654 794 repente
697 737 837 794 quasi
885 739 1087 794 captato
1124 740 1354 794 tempore
1393 736 1447 778 in
1492 732 1645 778 lassos

158 822 304 868 simul
338 830 491 884 atque
529 822 782 869 districtos
807 824 1000 869 subitus
1036 824 1187 869 turbo
1215 823 1410 869 Pontici
1435 822 1558 870 belli
1582 824 1645 869 ab

157 913 335 959 ultima
360 913 517 959 veluti
543 913 746 975 specula
771 917 1132 976 septentrionis
1158 917 1341 976 erupit.

101 1011 126 1050 6
227 1005 416 1050 Primus
465 1008 637 1051 statim
684 1008 904 1067 impetus
952 1005 1074 1051 belli
1125 1004 1416 1067 Bithyniam
1463 1008 1645 1066 rapuit,

159 1096 276 1141 Asia
300 1095 419 1141 inde
457 1099 562 1157 pari
598 1102 790 1142 terrore
827 1103 1057 1158 correpta
1094 1102 1187 1152 est,
1212 1112 1306 1142 nec
1344 1102 1646 1142 cunctanter

157 1186 220 1232 ad
258 1202 430 1247 regem
473 1188 534 1232 ab
583 1187 789 1232 urbibus
828 1191 1011 1233 nostris
1050 1186 1348 1249 populisque
1397 1186 1646 1232 descitum

103 1284 127 1324 7
157 1284 247 1324 est.
322 1258 531 1335 Aderat,
574 1279 811 1334 instabat,
855 1281 1062 1324 saevitia
1111 1281 1252 1340 quasi
1300 1281 1488 1324 virtute
1535 1284 1644 1324 ute-

158 1369 317 1414 batur.
392 1368 523 1413 Nam
571 1368 692 1430 quid
739 1372 956 1415 atrocius
1003 1385 1104 1415 uno
1151 1372 1257 1414 eius
1305 1368 1490 1426 edicto,
1531 1384 1646 1414 cum

158 1475 330 1505 omnes
358 1462 442 1521 qui
467 1462 519 1503 in
545 1460 665 1505 Asia
700 1458 869 1505 forent
897 1459 1149 1506 Romanae
1175 1462 1391 1506 civitatis
1416 1459 1645 1506 homines

157 1550 371 1596 interfici
400 1551 579 1596 iussit?
616 1556 726 1596 tum
753 1549 958 1612 quidem
989 1551 1182 1607 domus,
1218 1550 1405 1612 templa
1430 1557 1484 1597 et
1511 1567 1644 1608 arae,

100 1650 124 1687 S
156 1641 373 1686 humana
407 1644 573 1686 omnia
601 1648 754 1703 atque
788 1641 956 1687 divina
988 1645 1096 1687 iura
1128 1641 1312 1687 violata
1337 1647 1468 1687 sunt.
1543 1640 1643 1688 Sed

156 1732 236 1777 hic
279 1738 439 1777 terror
479 1733 628 1777 Asiae
673 1732 924 1794 Europam
966 1748 1166 1794 quoque
1213 1736 1321 1794 regi
1368 1733 1639 1793 aperiebat.

158 1822 336 1883 Itaque
373 1825 533 1866 missis
583 1820 832 1866 Archelao
882 1821 1318 1883 Neoptolemoque
1355 1820 1641 1882 praefectis,

156 1919 367 1973 excepta
397 1912 587 1968 Rhodo,
614 1928 742 1973 quae
769 1929 857 1974 pro
884 1912 1026 1957 nobis
1052 1912 1237 1958 firmius
1263 1915 1424 1969 stetit,
1441 1918 1642 1959 ceterae

151 2004 407 2066 Cyclades,
451 2003 621 2060 Delos,
661 2004 867 2049 Euboea
906 2010 958 2050 et
999 2007 1160 2064 ipsum
1206 2003 1446 2049 Graeciae
1488 2003 1641 2050 decus

99 2102 123 2140 9
156 2095 390 2140 Athenae
427 2095 748 2140 tenebantur.
827 2094 1023 2140 Italiam
1048 2098 1146 2139 iam
1179 2098 1438 2156 ipsamque
1464 2095 1640 2140 urbem

159 2186 365 2230 Romam
412 2188 579 2245 regius
627 2191 787 2231 terror
834 2184 1063 2232 adflabat.
1159 2185 1338 2247 Itaque
1398 2184 1451 2230 L.
1503 2184 1639 2231 Sulla

156 2276 380 2332 festinat,
397 2279 470 2320 vir
493 2279 642 2321 armis
668 2279 902 2336 optimus,
919 2279 1125 2338 parique
1143 2275 1381 2322 violentia
1406 2282 1636 2322 ruentem

71 2375 117 2412 10
155 2366 365 2412 ulterius
396 2366 593 2412 hostem
627 2366 841 2428 quadam
870 2370 1010 2428 quasi
1038 2383 1188 2411 manu
1225 2366 1459 2428 reppulit.
1536 2365 1637 2412 Pri-

155 2473 392 2519 mumque
431 2456 659 2503 Athenas
691 2458 1064 2520 urbem,—quis
1097 2457 1331 2503 crederet
1347 2456 1636 2519 ?—frugum

160 2562 251 2606 180
