1802 2942
642 135 1036 186 CORNELIUS
1084 135 1303 185 NEPOS

214 271 519 326 perorasset,
549 272 822 328 postquam
848 265 913 312 ad
937 264 1022 311 illa
1048 265 1148 312 duo
1173 265 1443 327 opprobria
1466 267 1718 328 pervenit,

218 350 454 397 admirari
487 367 541 398 se
574 352 704 398 dixit
735 351 1007 398 stultitiam
1038 351 1254 399 rhetoris
1286 351 1465 408 Attici,
1498 354 1584 415 qui
1614 369 1717 399 non

219 438 655 494 animadverterit,
688 442 985 485 innocentes
1017 438 1126 485 illos
1159 446 1307 486 natos
1340 439 1495 495 domi,
1527 438 1717 487 scelere

219 525 437 572 admisso
466 543 580 572 cum
607 529 775 588 patria
802 533 974 573 essent
1001 526 1215 589 expulsi,
1241 533 1474 589 receptos
1502 543 1613 574 esse
1652 526 1716 573 ab

219 611 635 659 Atheniensibus.

169 706 196 744 ,μ

283 698 384 747 Sed
410 703 634 747 maxime
665 703 771 747 eius
802 700 1095 763 eloquentia
1124 700 1286 748 eluxit
1313 699 1528 763 Spartae
1555 699 1715 764 legati

223 793 344 833 ante
411 804 637 851 pugnam
707 787 1044 834 Leuctricam.
1130 787 1244 846 Quo
1310 804 1426 834 cum
1492 791 1718 835 omnium

221 877 469 920 sociorum
504 877 859 921 convenissent
892 874 1069 938 legati,
1105 891 1273 921 coram
1308 873 1717 938 frequentissimo

221 968 477 1008 conventu
498 965 566 1008 sic
589 961 1107 1009 Lacedaemoniorum
1127 962 1452 1026 tyrannidem
1472 965 1717 1026 coarguit,

224 1056 283 1095 ut
318 1066 420 1095 non
454 1052 619 1096 minus
656 1049 741 1095 illa
777 1052 1005 1096 oratione
1042 1066 1164 1112 opes
1202 1066 1376 1096 eorum
1412 1053 1720 1097 concusserit

224 1152 379 1199 quam
416 1135 685 1183 Leuctrica
720 1153 908 1200 pugna.
975 1136 1105 1183 Tum
1143 1140 1278 1183 enim
1313 1135 1547 1199 perfecit,
1582 1137 1719 1201 quod

224 1230 342 1286 post
390 1227 643 1286 apparuit,
691 1231 750 1271 ut
799 1223 985 1271 auxilio
1034 1223 1426 1271 Lacedaemonii
1472 1227 1718 1272 sociorum

225 1314 561 1373 privarentur.

292 1397 340 1448 ’7.
377 1398 551 1444 Fuisse
579 1401 866 1460 patientem
893 1414 1200 1461 suorumque
1227 1400 1434 1445 iniurias
1466 1397 1719 1446 ferentem

225 1488 427 1541 civium,
448 1486 584 1548 quod
603 1502 656 1532 se
675 1488 873 1548 patriae
892 1489 1037 1532 iras-ci
1056 1484 1198 1532 nefas
1220 1501 1329 1532 esse
1348 1485 1578 1543 duceret,
1593 1485 1720 1533 haec

228 1579 348 1619 sunt
380 1576 690 1619 testimonia.
758 1572 887 1619 Cum
922 1590 1039 1620 eum
1072 1579 1282 1636 propter
1313 1573 1555 1620 invidiam
1586 1576 1720 1621 cives

226 1663 305 1706 sui
358 1660 634 1722 praeficere
689 1663 935 1706 exercitui
990 1659 1270 1707 noluissent
1323 1660 1531 1723 duxque
1584 1668 1721 1709 esset

227 1746 456 1794 delectus
475 1747 596 1793 belli
613 1750 897 1809 imperitus,
916 1750 1055 1793 cuius
1077 1763 1244 1794 errore
1265 1763 1325 1794 eo
1346 1754 1482 1794 esset
1499 1747 1722 1796 deducta

228 1834 314 1880 illa
354 1833 629 1881 multitudo
671 1834 890 1880 militum
933 1841 992 1881 ut
1034 1850 1209 1881 omnes
1252 1834 1317 1882 de
1360 1833 1525 1882 salute
1564 1838 1721 1898 perti-

227 1928 532 1977 mescerent,
555 1922 690 1984 quod
712 1921 935 1968 locorum
959 1924 1204 1985 angustiis
1227 1921 1383 1969 clausi
1405 1922 1470 1969 ab
1491 1920 1720 1970 hostibus

228 2009 610 2064 obsidebantur,
657 2009 933 2055 desiderari
980 2015 1163 2071 coepta
1211 2015 1291 2056 est
1337 2008 1720 2072 Epaminondae

229 2095 523 2159 diligentia3
579 2103 690 2142 erat
729 2099 860 2142 enim
901 2097 970 2142 ibi
1007 2099 1233 2158 privatus
1270 2112 1481 2143 numero
1529 2096 1719 2145 militis.

178 2189 205 2227 2
228 2184 275 2230 A
302 2199 401 2246 quo
428 2199 542 2229 cum
569 2190 810 2245 peterent
836 2199 1004 2245 opem,
1031 2182 1221 2229 nullam
1248 2182 1481 2230 adhibuit
1505 2199 1721 2231 memor-

229 2273 331 2316 iam
367 2269 706 2317 contumeliae
743 2277 797 2317 et
835 2273 1116 2317 exercitum
1152 2270 1413 2318 obsidione
1449 2269 1720 2318 liberatum

179 2365 205 2404 3
229 2357 435 2404 domum
477 2357 682 2404 reduxit
724 2356 1044 2404 incolumem.
1113 2356 1220 2404 Nec
1263 2373 1382 2404 vero
1424 2355 1520 2405 hoc
1562 2357 1721 2405 semel

231 2443 372 2500 fecit,
421 2444 511 2491 sed
559 2447 775 2508 saepius.
845 2444 1074 2491 Maxime
1123 2451 1298 2492 autem
1346 2443 1445 2492 fuit
1490 2443 1720 2503 inlustre,

233 2578 320 2626 542
