1802 2942
158 557 207 597 10

156 739 205 780 11

155 1196 205 1238 12

605 151 660 199 L.
713 151 1047 198 ANNAEUS
1097 152 1231 199 FLO
1243 152 1372 199 RUS

243 294 379 324 arma
403 280 653 327 sollicitat.
728 281 893 327 Isset1
930 281 1061 328 ultra
1086 281 1244 344 Alpes
1276 282 1428 340 furor,
1453 285 1549 329 nisi
1571 282 1731 330 altera

246 369 531 430 proditione
580 371 807 418 Volturci
855 375 1098 434 praetoris
1157 372 1360 420 litterae
1411 380 1726 421 tenerentur.

245 459 428 506 Statim
454 461 706 508 Ciceronis
731 466 941 525 imperio
966 466 1152 509 iniecta
1177 470 1255 510 est
1279 464 1498 510 barbaris
1523 480 1731 520 manus;

243 551 408 613 palam
468 560 669 614 praetor
723 557 775 599 in
823 561 1001 600 senatu
1058 557 1385 601 convincitur.
1477 554 1557 601 De
1616 571 1733 617 sup-

243 642 394 704 plicio
429 646 713 706 agentibus,
753 645 930 691 Caesar
967 645 1275 707 parcendum
1317 646 1571 707 dignitati,
1609 646 1732 692 Cato

242 735 747 782 animadvertendum
802 753 889 798 pro
938 736 1127 783 scelere
1181 738 1470 783 censebant.
1567 736 1732 795 Quam

245 830 553 873 sententiam
600 832 785 875 secutis
832 829 1063 874 omnibus
1110 832 1162 874 in
1211 845 1408 875 carcere
1457 828 1732 891 parricidae

242 918 634 980 strangulantur.
733 918 972 977 Quamvis
1028 926 1171 981 parte
1230 923 1586 966 coniurationis
1643 936 1730 982 op-

242 1025 426 1071 pressa,
473 1016 647 1056 tamen
694 1012 757 1057 ab
814 1015 1020 1073 incepto
1080 1010 1294 1057 Catilina
1340 1028 1443 1057 non
1501 1011 1730 1073 destitit3

241 1100 439 1147 infestis
497 1102 559 1147 ab
620 1102 821 1148 Etruria
879 1105 1034 1164 signis
1082 1105 1295 1164 patriam
1343 1108 1525 1164 petens
1584 1103 1731 1150 obvio

242 1193 452 1238 Antonii
500 1198 725 1240 exercitu
766 1197 1078 1256 opprimitur.
1167 1194 1332 1252 Quam
1370 1197 1610 1241 atrociter
1656 1195 1729 1241 di-

242 1286 480 1329 micatum
518 1287 595 1341 sit,
643 1287 806 1331 exitus
846 1284 1031 1330 docuit.
1121 1284 1286 1330 Nemo
1334 1283 1557 1331 hostium
1596 1285 1731 1332 bello

242 1373 521 1435 superfuit3
568 1391 718 1436 quem
755 1379 865 1438 quis
900 1379 953 1420 in
989 1374 1263 1437 pugnando
1300 1380 1505 1436 ceperat
1546 1374 1729 1431 locum,

241 1480 357 1510 eum
381 1469 559 1510 amissa
583 1469 748 1511 anima
784 1482 989 1528 corpore
1026 1467 1248 1528 tegebat.
1324 1465 1540 1511 Catilina
1573 1465 1727 1527 longe

241 1574 268 1602 a
315 1561 413 1603 suis
460 1561 594 1604 inter
642 1559 860 1605 hostium
909 1559 1150 1605 cadavera
1196 1564 1428 1620 repertus
1476 1563 1571 1614 est,
1619 1558 1729 1620 pul-

241 1648 487 1695 cherrima
522 1657 702 1708 morte,
738 1654 777 1696 si
814 1666 903 1713 pro
939 1653 1099 1712 patria
1135 1652 1204 1695 sic
1241 1648 1556 1695 concidisset.

377 1849 522 1896 XIII.
579 1850 780 1897 BELLVM
819 1851 987 1897 Civuffi:
1025 1850 1264 1896 CAESARIS
1302 1866 1363 1896 ET
1402 1850 1592 1895 Pomm

153 1962 241 2004 1111,
259 1947 287 1994 2
355 1947 451 1993 IAM
477 1955 585 1994 toto
611 1951 730 1995 orbe
756 1966 919 2012 paene
944 1955 1122 2011 pacato
1147 1952 1304 1994 maius
1329 1955 1439 1995 erat
1462 1951 1728 2010 imperium

245 2037 541 2096 Romanum,
584 2056 733 2102 quam
781 2048 838 2087 ut
879 2041 994 2087 ullis
1042 2044 1229 2087 exteris
1277 2041 1461 2086 viribus
1510 2043 1726 2101 opprimi

242 2137 422 2190 posset.
518 2131 697 2194 Itaque
737 2133 969 2179 invidens
1008 2132 1210 2178 fortuna
1246 2135 1458 2194 principi
1495 2135 1726 2193 gentium

184 2225 210 2264 2
246 2221 432 2281 populo
480 2225 644 2283 ipsum
697 2223 840 2269 illum
883 2227 936 2268 in
985 2226 1194 2270 exitium
1243 2226 1318 2268 sui
1357 2225 1579 2268 armavit.
1653 2223 1728 2268 Ac

298 2327 312 2350 ¹
344 2328 568 2368 sollicitat.
628 2329 743 2370 Isset
781 2332 1008 2370 Halmius:
1056 2331 1319 2370 sollicitatis.
1383 2329 1469 2370 Sed
1501 2330 1564 2369 B:
1611 2328 1726 2368 solli-

243 2381 452 2422 citatiset.
516 2383 632 2422 Isset
661 2385 729 2424 N:
765 2385 1015 2424 sollicitatis
1045 2386 1151 2424 isset
1179 2386 1228 2424 L.

788 2514 805 2540 ¹
833 2515 902 2556 i.e.
925 2514 1159 2554 Lentulus.

244 2568 338 2623 264
