1802 2942
154 396 204 435 43

153 765 206 803 44

153 987 204 1025 45

154 1353 208 1393 46

156 1797 208 1837 47

603 186 656 231 L.
709 185 1042 233 ANNAEUS
1091 185 1361 233 FLORUS

242 318 408 376 inopia
433 321 804 360 commeatuum
829 321 1013 370 terere,
1037 330 1194 376 usque
1225 313 1347 360 dum
1383 314 1724 362 ardentissimi

243 388 382 434 ducis
423 395 809 434 consenesceret
851 391 1085 449 impetus.
1160 388 1268 433 Nec
1309 388 1498 434 diutius
1533 388 1724 450 profuit

241 462 381 507 ducis
407 463 622 508 salutare
650 462 925 508 consilium.
1001 462 1149 508 Miles
1175 465 1349 519 otium,
1377 465 1495 508 socii
1517 478 1723 520 moram,

243 540 494 598 principes
519 537 765 582 ambitum
790 535 931 581 ducis
956 536 1300 597 increpabant.
1375 535 1455 582 Sic
1481 539 1724 598 praecipi-

242 611 467 656 tantibus
528 609 644 655 fatis
704 609 895 670 proelio
954 616 1154 670 sumpta
1207 608 1467 654 Thessalia
1525 615 1619 666 est,
1672 616 1726 656 et

249 683 539 746 Philippicis
582 687 768 745 campis
808 683 984 740 urbis,l
1023 687 1236 745 imperii,
1279 687 1480 745 generis
1518 683 1725 730 humani

243 757 345 803 fata
385 762 644 804 commissa
685 764 816 804 sunt.
909 758 1197 820 Numquam
1236 757 1338 803 ullo
1379 758 1489 803 loco
1523 765 1724 804 tantum

241 835 418 877 virium
462 831 633 894 populi
685 831 911 889 Romani,
953 838 1154 878 tantum
1201 831 1464 893 dignitatis
1505 832 1727 878 Fortuna

243 909 497 966 respexit:
553 911 783 951 trecenta
829 905 1042 966 amplius
1090 905 1227 950 milia
1279 905 1398 951 hinc
1448 905 1527 952 vel
1586 906 1725 952 illinc

242 986 441 1041 praeter
499 979 696 1035 auxilia,
757 995 903 1041 reges
963 985 1018 1025 et
1078 985 1324 1025 senatum.
1434 980 1723 1043 Numquam

242 1056 535 1098 inminentis
607 1056 781 1098 ruinae
862 1052 1206 1098 manifestiora
1278 1053 1535 1115 prodigia:
1605 1053 1725 1116 fuga

243 1130 573 1184 victimarum,
616 1130 846 1173 examina
886 1130 940 1171 in
979 1130 1151 1188 signis,
1193 1127 1417 1173 interdiu
1464 1127 1722 1174 tenebrae.

246 1199 361 1245 Dux
387 1204 493 1262 ipse
519 1204 569 1245 in
598 1207 844 1246 nocturna
870 1203 1089 1260 imagine
1126 1200 1302 1262 plausu
1338 1200 1526 1247 theatri
1564 1204 1638 1247 sui
1673 1204 1727 1246 in

242 1273 447 1319 modum
465 1274 484 1302 2
523 1274 754 1335 planctus
781 1277 1172 1320 circumsonatus
1199 1281 1251 1321 et
1276 1291 1424 1321 mane
1450 1291 1564 1320 cum
1589 1274 1726 1337 pullo

243 1347 810 1409 pallio——nefas—-apud
827 1351 1070 1409 principia
1095 1355 1393 1410 conspectus
1415 1355 1508 1397 est.
1569 1349 1725 1395 Num-

244 1438 393 1483 quam
418 1425 575 1467 acrior
600 1438 766 1484 neque
803 1422 1011 1467 alacrior
1048 1426 1298 1469 exercitus
1337 1423 1560 1469 Caesaris
1597 1422 1694 1469 fuit
1714 1439 1725 1479 ;

244 1495 362 1541 inde
403 1495 605 1541 classica
637 1499 789 1557 prius,
824 1495 943 1541 inde
980 1495 1095 1542 tela.
1171 1496 1486 1543 Adnotatum
1525 1513 1725 1559 quoque

245 1573 609 1616 committentis
635 1573 795 1616 aciem
834 1569 1048 1616 Crastini
1084 1569 1258 1632 pilum,
1289 1574 1373 1632 qui
1407 1587 1522 1615 mox
1547 1570 1726 1617 adacto

245 1647 298 1688 in
354 1659 406 1689 os
471 1643 778 1705 gladio—sic
827 1647 961 1690 inter
1011 1644 1252 1690 cadavera
1302 1651 1533 1705 repertus
1582 1651 1728 1690 est—-

243 1716 507 1763 libidinem
547 1734 602 1762 ac
642 1718 832 1763 rabiem
875 1734 972 1780 qua
1009 1725 1324 1780 pugnaverat
1357 1722 1465 1780 ipsa
1501 1722 1725 1764 novitate

244 1791 460 1838 volneris
499 1790 830 1853 praeferebat.
907 1791 1008 1838 Sed
1046 1808 1141 1838 nec
1183 1796 1348 1838 minus
1389 1791 1726 1837 admirabilior

245 1863 416 1910 illius3
465 1869 629 1911 exitus
678 1865 812 1912 belli.
887 1864 1090 1927 Quippe
1140 1882 1253 1911 cum
1298 1866 1564 1927 Pompeius
1601 1864 1727 1911 adeo

245 1943 472 2001 equitum
511 1943 651 2001 copia
686 1938 985 1997 abundaret,
1022 1946 1079 1986 ut
1117 1939 1264 1986 facile
1299 1943 1727 1986 circumventurus

299 2046 314 2069 ¹
343 2045 491 2085 urbis:
523 2045 640 2086 orbis
660 2047 710 2086 B.

299 2099 315 2123 ²
343 2100 501 2151 plausu
544 2100 711 2139 theatri
750 2101 818 2140 sui
856 2101 900 2139 in
939 2100 1117 2140 modum
1166 2102 1473 2140 Mommsenus:
1522 2099 1726 2152 plausum

245 2154 481 2193 theatrisui
502 2154 685 2193 audiens
706 2155 750 2193 in
772 2154 949 2194 modum
969 2156 1018 2194 B.

299 2208 315 2232 ³
345 2209 488 2248 illius:
520 2208 653 2247 ullius
674 2210 723 2247 B.

299 2317 315 2341 1
344 2317 512 2364 Florus,
533 2317 621 2356 like
641 2317 782 2369 virgil
801 2319 962 2368 (Georq.
984 2318 1019 2358 Ι.
1041 2319 1149 2367 490),
1173 2331 1310 2357 seems
1327 2323 1372 2357 to
1387 2317 1525 2369 imply
1539 2317 1639 2357 that-
1652 2317 1729 2356 the

242 2371 385 2411 battle
414 2371 459 2410 of
486 2371 711 2410 Pharsalia
741 2385 829 2410 was
859 2371 1016 2423 fought
1046 2385 1100 2410 on
1130 2372 1206 2411 the
1235 2385 1353 2410 same
1381 2370 1549 2423 ground
1579 2384 1626 2410 as
1653 2370 1728 2409 the

242 2425 385 2464 battle
405 2425 448 2463 of
468 2424 675 2476 Philippi.
706 2425 798 2464 The
819 2425 1045 2464 confusion
1066 2427 1102 2464 is
1123 2425 1348 2464 doubtless
1369 2425 1454 2464 due
1475 2432 1521 2464 to
1542 2424 1617 2464 the
1637 2423 1729 2463 fact

243 2479 345 2518 that
365 2479 487 2518 these
508 2488 597 2517 two
626 2479 815 2518 decisive
835 2479 999 2518 battles
1029 2493 1141 2518 were
1161 2479 1270 2518 both
1291 2479 1449 2531 fought
1477 2479 1632 2517 within
1651 2478 1728 2518 the

242 2546 370 2584 space
390 2532 434 2571 of
453 2546 477 2571 a
498 2532 582 2572 few
601 2546 728 2584 years
745 2533 791 2572 in
812 2533 888 2573 the
912 2533 1078 2573 Roman
1099 2534 1305 2586 province
1324 2533 1369 2572 of
1389 2532 1662 2572 Macedonia.

245 2602 337 2646 280
