1747 2912
543 181 599 228 L.
652 180 988 228 ANNAEUS
1037 181 1307 228 FLORUS

181 306 349 371 lapide
405 309 574 354 oculos
619 308 850 370 trepidae
907 313 1123 356 civitatis
1171 309 1309 355 fumo
1357 325 1414 355 ac
1461 308 1668 371 pulvere

90 402 143 442 25
183 396 409 457 inplevit.
484 396 678 441 Eodem
704 402 881 458 postea
905 398 981 442 bis
1008 402 1162 442 exuto
1192 400 1382 453 castris,
1404 396 1481 442 bis
1504 399 1670 442 saucio
1746 451 1747 467 χ

181 489 235 529 et
272 485 322 528 in
367 482 630 528 Graeciam
668 499 807 529 suam
843 489 980 529 trans
1015 499 1154 529 mare
1190 500 1246 528 ac
1283 490 1442 529 terras
1477 482 1669 544 fugato,
1746 480 1747 485 ¹

183 586 279 631 pax
306 576 360 616 et
387 573 529 632 quies
557 577 610 616 et
635 576 778 616 tanta
814 570 879 616 de
915 570 1306 632 opulentissimis
1331 576 1410 616 tot
1432 570 1669 631 gentibus

92 664 145 703 26
185 656 357 718 spolia,
382 663 441 703 ut
473 660 740 703 victoriam
767 672 906 703 suam
946 657 1102 703 Roma
1134 674 1237 703 non
1272 663 1489 718 caperet.
1562 656 1670 702 Nec

184 747 319 789 enim
344 750 538 790 temere
565 744 695 790 ullus
721 743 975 806 pulchrior
1001 747 1054 789 in
1080 745 1256 790 urbem
1280 749 1368 790 aut
1404 745 1671 805 speciosior

94 838 146 878 27
184 830 468 892 triumphus
494 834 713 877 intravit.
789 831 925 877 Ante
961 831 1097 876 hunc
1134 831 1271 876 diem
1306 829 1434 876 nihil
1470 835 1672 892 praeter

183 934 364 980 pecora
426 918 739 974 Vulscorum,
804 934 985 980 greges
1054 917 1370 974 Sabinorum,
1434 922 1673 978 carpenta

185 1005 458 1062 Gallorum,
497 1004 656 1051 fracta
697 1004 1000 1051 Samnitium
1042 1021 1178 1050 arma
1213 1004 1451 1050 vidisses:
1486 1010 1597 1050 tum
1631 1006 1672 1049 si

186 1096 406 1154 captivos
464 1096 729 1154 aspiceres,
789 1092 1010 1150 Molossi,
1057 1091 1300 1148 Thessali,
1350 1090 1672 1148 Macedones,

187 1180 413 1233 Brittius‚
441 1179 636 1240 Apulus
661 1186 814 1242 atque
841 1179 1103 1234 Lucanus;
1139 1182 1180 1225 si
1205 1194 1456 1240 pompam,
1481 1193 1670 1235 aurum,

185 1283 420 1328 purpura,
481 1270 641 1327 signa,
699 1267 902 1312 tabulae
972 1266 1377 1327 Tarentinaeque
1446 1264 1670 1310 deliciae.

95 1360 151 1400 28
190 1353 290 1399 Sed
327 1353 453 1398 nihil
488 1353 730 1399 libentius
766 1353 980 1415 populus
1009 1354 1259 1399 Romanus
1294 1355 1490 1413 aspexit
1525 1367 1674 1413 quam

186 1440 311 1497 illas,
349 1457 470 1502 quas
511 1444 584 1486 ita
619 1444 874 1498 timuerat,
918 1457 1032 1486 cum
1079 1441 1300 1486 turribus
1349 1441 1448 1484 suis
1484 1437 1673 1495 beluas,

188 1543 317 1589 quae
343 1543 445 1572 non
471 1531 577 1573 sine
605 1543 752 1573 sensu
778 1530 1085 1589 captivitatis
1110 1529 1383 1573 summissis
1399 1526 1674 1572 cervicibus

188 1618 402 1660 victores
429 1630 582 1677 equos
608 1616 963 1677 sequebantur.

609 1888 785 1936 XIIII.
862 1889 1063 1935 BELLVM
1102 1885 1317 1934 P1cENs1

101 1999 160 2046 19
251 1999 417 2045 Omns
453 2015 568 2044 mox
607 1998 754 2044 Italia
790 2015 965 2060 pacem
1004 1996 1371 2059 habuit—quid
1404 1999 1540 2042 enim
1563 2002 1678 2058 post

189 2086 467 2132 Tarentum
526 2085 775 2132 auderent
790 2088 976 2133 ?-nisi
1034 2084 1166 2147 quod
1239 2084 1373 2130 ultro
1443 2085 1677 2145 persequi

137 2181 162 2219 2
199 2177 354 2220 socios
397 2173 619 2219 hostium
656 2174 859 2235 placuit.
951 2172 1130 2219 domiti
1180 2187 1300 2233 ergo
1353 2170 1587 2216 Picentes
1624 2176 1678 2216 et

192 2267 343 2322 caput
367 2264 535 2322 gentis
556 2260 796 2306 Asculum
822 2260 1118 2321 Sempronio
1144 2259 1289 2314 duce,
1315 2260 1399 2320 qui
1423 2264 1677 2303 tremente

193 2352 326 2394 inter
351 2347 598 2409 proelium
625 2363 800 2409 campo
833 2347 1089 2393 Tellurem
1117 2345 1263 2392 deam
1287 2347 1528 2408 promissa
1551 2343 1677 2391 aede

191 2435 420 2497 placavit.

624 2527 642 2554 ²
671 2527 838 2569 Piossxs
858 2528 928 2569 N:
960 2527 1170 2568 PYCENSE
1191 2525 1243 2568 B.

192 2596 253 2641 66
