1747 2912
520 123 574 168 L.
624 121 959 169 ANNAEUS
1010 121 1278 169 FLORUS

94 260 121 297 5
152 251 253 298 Sed
300 251 385 298 ille
431 268 623 297 memor
670 257 724 297 et
780 250 998 296 familiae
1045 257 1100 296 et
1155 250 1364 295 Romani
1415 253 1634 296 nominis

159 339 423 385 custodem
438 339 458 367 1
495 340 761 384 barbarum
784 337 979 399 virgula
1004 344 1240 384 excaecat
1264 344 1318 383 et
1353 340 1406 383 in
1430 340 1638 383 exitium

100 433 125 472 6
155 429 246 484 sui,
283 427 416 489 quod
464 426 681 483 volebat,
717 429 788 472 ita
829 429 1062 472 concitat.
1141 425 1258 470 Mox
1305 442 1335 470 a
1386 426 1640 486 Perperna

157 513 377 559 domitus
420 520 473 560 et
520 520 695 575 captus
738 519 792 559 et
839 529 928 575 per
976 512 1290 558 deditionem
1337 514 1391 557 in
1432 511 1643 558 vinculis

100 608 124 649 7
153 601 367 648 habitus.
442 601 673 663 Aquilius
711 601 921 647 Asiatici
962 601 1084 646 belli
1125 600 1360 662 reliquias
1404 598 1639 656 confecit,

159 689 808 736 mixtis—nefas—veneno
841 688 1065 734 fontibus
1089 687 1153 733 ad
1186 687 1500 733 deditionem
1525 703 1643 749 qua-

156 777 369 823 rundam
394 778 606 825 urbium,
668 776 811 834 Quae
837 792 915 821 res
940 782 998 821 ut
1022 782 1284 831 maturam,
1310 778 1380 820 ita
1404 774 1645 820 infamem

157 864 280 911 fecit
315 868 589 921 victoriam,
616 868 803 926 quippe
831 880 944 909 cum
970 870 1143 909 contra
1176 862 1249 908 fas
1284 862 1436 908 deum
1460 878 1646 907 mores-

158 968 255 1014 que
293 956 535 998 maiorum
571 951 987 997 medicaminibus
1023 953 1213 1012 inpuris
1249 953 1302 995 in
1348 949 1400 995 id
1446 955 1647 1012 tempus

159 1047 472 1086 sacrosancta
510 1040 731 1085 Romana
766 1055 901 1084 arma
938 1037 1184 1085 ViOlstSSCt·

496 1302 733 1351 XXXVI.
784 1302 986 1347 BELLvM
1025 1301 1378 1347 IVGVRTHINVM

71 1428 141 1470 111,
173 1412 198 1459 1
234 1413 379 1457 HAEC
438 1411 501 1457 ad
560 1415 838 1465 orientem3
899 1409 987 1456 sed
1047 1425 1150 1455 non
1201 1409 1264 1455 ad
1322 1408 1650 1455 meridianam

162 1500 362 1562 plagam
405 1499 583 1545 eadem
626 1502 784 1561 quies,
857 1497 982 1555 Quis
1026 1503 1251 1559 speraret
1290 1503 1404 1559 post
1443 1496 1648 1542 Cartha-

105 1595 129 1633 2
160 1592 329 1650 ginem
379 1587 580 1649 aliquod
638 1590 690 1632 in
750 1585 922 1631 Africa
979 1585 1206 1632 bellum?
1300 1585 1495 1646 Atquin
1548 1600 1651 1629 non

157 1675 337 1721 leviter
385 1692 437 1721 se
480 1674 720 1720 Numidia
759 1676 1026 1729 concussit,
1066 1680 1119 1719 et
1167 1672 1266 1717 fuit
1307 1675 1361 1717 in
1405 1671 1653 1732 Iugurtha

164 1764 296 1825 quod
333 1770 447 1825 post
481 1762 786 1807 Annibalem
819 1764 1098 1807 timeretur.
1176 1759 1378 1821 Quippe
1404 1775 1491 1805 rex
1522 1758 1655 1804 calli-

166 1852 398 1897 dissimus
434 1850 678 1912 populum
706 1850 985 1895 Romanum
1021 1852 1170 1894 armis
1199 1851 1442 1894 invictum
1477 1848 1654 1908 opibus

165 1939 431 2001 adgressus
472 1945 579 1992 est3
634 1942 759 1983 citra
803 1953 943 1998 spem
987 1940 1208 1981 omnium
1252 1935 1454 1981 fortuna
1489 1937 1656 1992 cessit,

106 2035 131 2075 3
161 2034 219 2073 ut
254 2043 341 2073 rex
390 2026 565 2072 fraude
601 2029 898 2087 praecipuus
942 2023 1117 2070 fraude
1157 2029 1434 2084 caperetur.
1538 2022 1655 2080 Hic,

169 2115 457 2160 Massinissa
493 2130 602 2170 avo,
632 2114 842 2174 Micipsa
875 2119 1017 2174 patre
1054 2127 1144 2173 per
1175 2110 1517 2172 adoptionem,
1542 2125 1654 2155 cum

169 2202 455 2249 interficere
491 2201 673 2247 fratres
722 2203 982 2247 statuisset
1023 2203 1241 2261 agitatus
1283 2201 1427 2260 regni
1465 2197 1656 2259 cupidi-

169 2297 291 2347 tate,
330 2306 425 2336 nec
473 2289 583 2334 illos
631 2291 790 2350 magis
839 2304 988 2350 quam
1036 2293 1267 2333 senatum
1315 2285 1657 2348 populumque

173 2379 468 2435 Romanum,
506 2393 716 2440 quorum
752 2379 805 2421 in
844 2375 942 2421 fide
985 2382 1038 2421 et
1078 2378 1131 2419 in
1169 2373 1406 2420 clientela
1443 2388 1658 2435 regnum

205 2540 233 2584 6
578 2480 595 2504 ²
624 2481 692 2520 sui
706 2485 794 2532 post
815 2478 1040 2519 custodem
1059 2479 1202 2518 delevi.

175 2555 194 2584 1
239 2554 267 2583 0
