1802 2942
613 183 673 233 L.
720 182 1057 230 ANNAEUS
1111 182 1382 231 FLORUS

250 315 410 373 petit;
458 318 512 358 et
560 314 788 373 promisit
836 312 1104 368 Antonius,
1147 314 1288 374 quasi
1333 308 1565 357 facilior1
1600 317 1736 357 esset

195 393 220 432 3
261 385 444 431 Partho
490 386 752 432 Romanus.
830 385 992 447 Igitur
1035 389 1203 447 coepit
1244 401 1347 431 non
1385 386 1479 431 sibi
1510 385 1734 431 domina-

250 463 441 506 tionem
479 475 651 520 parare
689 475 784 505 nec
820 463 994 516 tacite,
1020 459 1109 506 sed
1146 462 1350 521 patriae,
1390 461 1624 516 nominis,
1658 465 1735 505 to-

253 550 366 595 gae,
404 532 613 579 fascium
653 533 838 579 oblitus
887 539 1024 579 totus
1072 536 1126 578 in
1172 539 1453 579 monstrum
1500 531 1626 578 illud
1673 539 1733 579 ut

250 613 441 664 mente,
487 611 558 653 ita
605 607 828 653 amictu2
879 623 1079 669 quoque
1140 607 1381 669 cultuque
1439 606 1732 653 desciverat.

250 683 477 727 Aureum
534 685 587 726 in
642 698 794 726 manu
858 680 1108 737 baculum,
1164 684 1217 726 in
1271 681 1431 727 latere
1490 684 1734 738 acinaces,

250 771 501 818 purpurea
544 759 697 801 vestis
739 756 1033 816 ingentibus
1071 755 1312 801 obstricta
1347 757 1594 816 gemmis:
1631 754 1736 800 dia-

192 838 217 875 4
253 830 400 876 dema
425 829 618 886 deerat,
644 836 701 875 ut
738 833 913 891 regina
950 846 1037 875 rex
1072 835 1126 875 et
1161 832 1268 891 ipse
1305 828 1576 875 frueretur.
1650 828 1732 874 Ad

250 908 461 966 primam
488 920 730 949 novorum
754 910 984 950 motuum
1001 902 1184 948 famam
1212 903 1391 949 Caesar
1415 920 1444 948 a
1470 902 1736 949 Brundisio

250 982 533 1034 traiecerat,
576 986 634 1023 ut
667 981 895 1023 venienti
941 977 1076 1023 bello
1118 983 1420 1034 occurreret,
1459 980 1736 1040 positisque

252 1056 424 1098 castris
472 1056 522 1096 in
568 1051 721 1113 Epiro
769 1067 918 1097 omne
965 1051 1085 1097 litus
1133 1051 1416 1108 Actiacum,
1466 1050 1737 1097 Leucada³

251 1125 464 1172 insulam
512 1132 840 1187 montemque
891 1125 1150 1171 Leucaten
1200 1131 1253 1171 et
1300 1125 1554 1170 Ambracii
1602 1129 1738 1171 sinus

191 1209 216 1247 5
255 1217 438 1247 cornua
477 1199 662 1246 infesta
705 1200 859 1246 classe
903 1202 1229 1246 succinxerat.
1306 1199 1464 1245 Nobis
1503 1199 1739 1261 quadrin-

250 1282 436 1337 gentae
484 1273 696 1335 amplius
739 1289 908 1331 naves,
947 1272 1240 1319 ducentae4
1278 1276 1444 1319 minus
1483 1273 1703 1320 hostium
1725 1290 1738 1330 ;

252 1349 340 1395 sed
366 1364 633 1394 numerum
658 1347 956 1410 magnitudo
981 1348 1238 1410 pensabat.
1303 1347 1506 1410 Quippe
1522 1364 1551 1393 a
1570 1351 1702 1394 senis
1718 1347 1739 1378 5

250 1427 304 1469 in
328 1439 551 1469 novenos
577 1438 827 1468 remorum
854 1422 1072 1479 ordines,
1098 1422 1161 1468 ad
1198 1421 1292 1467 hoc
1330 1422 1551 1468 turribus
1584 1429 1739 1486 atque

251 1497 489 1543 tabulatis
531 1496 795 1543 adlevatae
838 1496 1158 1542 castellorum
1199 1495 1281 1542 vel
1321 1497 1522 1542 urbium
1556 1500 1738 1559 specie,

249 1588 352 1617 non
400 1574 507 1617 sine
551 1574 747 1632 gemitu
789 1573 938 1616 maris
981 1577 1036 1617 et
1076 1570 1247 1616 labore
1296 1576 1563 1616 ventorum
1609 1570 1739 1618 fere-

188 1653 213 1692 6
247 1646 461 1700 bantur3
498 1661 625 1706 quae
664 1644 871 1707 quidem
907 1647 1014 1706 ipsa
1050 1644 1207 1690 moles
1245 1647 1401 1690 exitio
1427 1643 1538 1691 fuit.
1618 1644 1738 1692 Cae-

250 1723 369 1766 saris
409 1735 561 1765 naves
599 1736 627 1764 a
667 1720 797 1765 binis
837 1722 1087 1780 remigum
1125 1722 1178 1764 in
1218 1734 1363 1765 senos
1387 1735 1483 1764 nec
1527 1719 1739 1781 amplius

254 1793 454 1839 ordines
491 1799 786 1847 creverant3
840 1796 1012 1854 itaque
1055 1791 1248 1838 habiles
1295 1795 1349 1837 in
1397 1795 1564 1838 omnia
1611 1809 1739 1856 quae

251 1884 367 1914 usus
415 1874 665 1928 posceret,
711 1867 774 1912 ad
835 1870 1056 1928 impetus
1106 1873 1159 1912 et
1206 1882 1435 1912 recursus
1482 1866 1739 1930 flexusque

252 1941 538 2004 capiendos,
587 1941 696 1986 illas
745 1957 921 2002 graves
970 1947 1024 1986 et
1083 1940 1146 1986 ad
1208 1944 1375 1985 omnia
1420 1941 1739 2002 praepeditas

253 2015 473 2077 singulas
507 2015 675 2076 plures
711 2015 917 2061 adortae
955 2014 1241 2072 missilibus,
1279 2014 1425 2060 simul
1463 2019 1651 2073 rostris,
1675 2016 1736 2062 ad

194 2098 217 2138 7
253 2090 347 2136 hoc
384 2091 584 2151 ignibus
624 2093 767 2135 iactis
805 2089 869 2135 ad
905 2089 1208 2134 arbitrium⁶
1240 2088 1556 2150 dissipavere.
1631 2090 1737 2136 Nec

255 2164 357 2210 ulla
381 2165 470 2210 re7
502 2167 661 2225 magis
697 2163 955 2210 hostilium
992 2166 1245 2225 copiarum
1280 2167 1513 2225 apparuit
1548 2167 1736 2226 magni-

385 2271 399 2294 1
430 2271 599 2310 facilior
620 2285 628 2310 :
659 2270 828 2310 felicior
847 2272 898 2310 B.

384 2325 400 2349 ²
430 2326 594 2364 amictu
613 2325 926 2364 Freinshemius
945 2338 953 2363 :
986 2324 1132 2363 animo
1151 2324 1263 2364 codd.

386 2379 402 2402 ³
433 2378 634 2418 Leucada
658 2379 950 2418 Rossbachius:
981 2377 1209 2417 leucadam
1228 2378 1277 2417 B.

387 2435 403 2457 ⁴
431 2446 516 2471 non
538 2438 625 2483 post
645 2431 861 2471 ducentae
880 2433 1008 2482 codd„
1034 2433 1112 2472 dez.
1144 2433 1319 2470 Titzius.

387 2486 402 2510 ⁵
432 2499 457 2525 a
480 2487 593 2525 senis
612 2502 619 2525 :
654 2486 805 2526 adenis
826 2488 875 2527 Β.
1087 2485 1105 2511 ⁶
1134 2484 1190 2524 ad
1210 2485 1442 2524 arbitrium
1463 2498 1541 2525 om.
1562 2485 1614 2526 B.

388 2540 403 2563 ⁷
432 2554 503 2581 re:
536 2553 604 2579 res
625 2541 677 2580 B.

258 2622 351 2665 324
