1747 2912
551 163 606 210 L.
658 161 992 208 ANNAEUS
1045 160 1315 207 FLORUS

629 331 690 377 X.
765 332 965 377 BELLvM
1003 329 1228 376 SABINVM

105 441 165 488 15
260 441 305 486 A
345 441 551 486 LATINIS
588 440 853 502 adgressus
891 446 969 484 est
999 444 1209 499 gentem
1247 436 1558 492 Sabinorum,
1596 439 1682 498 qui

192 530 511 574 immemores
537 526 699 573 factae
727 527 819 572 sub
844 525 960 572 Tito
985 525 1131 570 Tatio
1155 523 1430 570 adfinitatis
1464 521 1683 585 quodam

132 621 156 658 2
194 618 428 675 contagio
465 614 611 660 bellis
647 630 700 660 se
739 613 934 659 Latinis
973 611 1322 657 adiunxerant.
1397 609 1500 656 Sed
1534 609 1684 655 Curio

195 701 421 747 Dentato
469 700 675 747 consule
724 716 927 746 omnem
971 714 1087 744 eum
1134 704 1370 754 tractum,
1415 713 1513 759 qua
1563 695 1682 753 Nar,

194 789 342 845 Anio,
403 787 571 833 fontes
621 787 805 842 Velini,
871 785 1132 831 Hadriano
1190 791 1340 830 tenus
1401 786 1524 829 mari
1576 785 1683 844 igni

134 881 158 921 3
195 874 430 936 ferroque
468 878 695 920 vastavit.
772 872 885 930 Qua
921 875 1128 919 victoria
1164 877 1366 918 tantum
1402 869 1684 926 hominum,

193 968 393 1007 tantum
441 978 672 1023 agrorum
714 960 976 1006 redactum
1024 965 1101 1005 est
1152 961 1205 1003 in
1250 963 1576 1020 potestatem,
1621 962 1680 1002 ut

193 1052 246 1093 in
284 1055 396 1094 utro
433 1048 545 1110 plus
583 1054 718 1094 esset
765 1063 859 1093 nec
907 1050 1015 1109 ipse
1063 1051 1235 1108 posset
1281 1047 1548 1091 aestimare
1599 1045 1684 1105 qui

195 1138 394 1181 vicerat.

571 1324 659 1371 XI.
737 1325 936 1370 BELLVM
976 1323 1290 1369 SAMNrncvm

108 1425 165 1471 16
263 1423 504 1469 PnEcmth
554 1423 740 1469 deinde
791 1422 1091 1484 Campaniae
1138 1427 1304 1467 motus
1352 1435 1455 1465 non
1490 1435 1580 1481 pro
1615 1435 1684 1477 se,

135 1516 161 1554 2
197 1511 286 1556 sed
323 1527 383 1556 eo
421 1513 691 1572 speciosius
717 1526 807 1571 pro
832 1512 975 1555 sociis
1002 1509 1253 1555 Samnitas
1279 1506 1488 1552 invadit.
1562 1506 1686 1552 Erat

197 1597 373 1643 foedus
413 1614 527 1642 eum
569 1600 794 1658 utrisque
837 1612 1146 1657 percussum,
1182 1594 1272 1640 sed
1310 1593 1405 1639 hoc
1445 1593 1685 1654 Campani

196 1688 415 1730 sanetius
445 1691 497 1730 et
520 1688 657 1746 prius
683 1687 907 1728 omnium
923 1699 1123 1729 suorum
1143 1680 1402 1727 deditione
1423 1679 1685 1735 fecerunt3

198 1775 266 1817 sic
293 1788 412 1833 ergo
441 1771 690 1816 Romanus
729 1770 919 1817 bellum
945 1769 1277 1815 Samniticum
1299 1774 1557 1829 tamquam
1593 1767 1685 1813 sibi

199 1862 366 1920 gessit.

143 1953 167 1992 3
273 1945 515 1990 Omnium
585 1961 687 1990 non
756 1944 905 1990 modo
979 1942 1172 1999 Italiae,
1234 1941 1324 1988 sed
1382 1947 1492 1987 toto
1563 1941 1686 1987 orbe

198 2038 443 2078 terrarum
483 2031 820 2093 pulcherrima
860 2030 1160 2092 Campaniae
1197 2028 1345 2090 plaga
1381 2034 1472 2073 est.
1547 2026 1687 2072 Nihil

198 2119 396 2164 mollius
439 2118 607 2164 caelo:
662 2118 881 2180 denique
922 2118 996 2163 bis
1039 2116 1238 2162 floribus
1281 2121 1470 2160 vernat.
1546 2113 1687 2159 Nihil

136 2213 161 2249 4
197 2206 399 2250 uberius
452 2205 586 2250 solo:
660 2205 775 2250 ideo
847 2204 1013 2250 Liberi
1080 2203 1375 2263 Cererisque
1430 2207 1687 2247 certamen

201 2291 396 2338 dicitur.
488 2290 626 2336 Nihil
677 2275 973 2353 hospitalius
1021 2293 1178 2335 mari:
1233 2288 1313 2333 hie
1367 2287 1439 2333 illi
1493 2287 1687 2334 nobiles

792 2451 807 2475 ²
836 2450 914 2491 See
934 2464 974 2502 p.
1004 2451 1065 2490 13.

789 2504 805 2529 ²
833 2505 913 2545 290
933 2515 1016 2544 nc.

205 2597 266 2645 50
