1802 2942
577 167 631 215 L.
684 166 1018 213 ANNAEUS
1070 166 1339 214 FLORUS

220 294 445 340 Mariana
469 294 673 357 quidem
699 294 1024 357 Cinnanaque
1049 295 1210 341 rabies
1233 297 1333 340 iam
1365 297 1499 340 intra
1522 294 1698 341 urbem

219 361 565 424 praeluserat)
581 365 720 424 quasi
740 365 780 408 si
805 365 1133 423 experiretur.
1206 361 1409 407 Sullana
1425 367 1698 423 tempestas

163 435 188 475 3
225 429 389 486 latius,
436 432 569 474 intra
619 429 817 474 Italiam
859 436 1048 486 tamen,
1090 428 1406 475 detonuerat.
1479 428 1698 474 Caesaris

219 495 355 541 furor
379 503 531 558 atque
560 495 765 557 Pompei
790 497 967 542 urbem
994 495 1208 551 Italiam,
1235 501 1416 557 gentes
1454 498 1699 552 nationes,

219 569 385 609 totum
432 563 652 625 denique
711 579 809 624 qua
866 562 1114 625 patebat2
1171 566 1438 624 imperium
1485 561 1701 624 quodam

220 634 359 692 quasi
384 630 571 676 diluvio
596 637 649 676 et
673 630 1064 676 inflammatione
1090 633 1345 691 corripuit,
1367 629 1496 675 adeo
1519 635 1577 675 ut
1600 645 1702 675 non

162 705 188 742 4
223 704 361 743 recte
399 704 598 743 tantum
633 697 778 743 civile
815 697 1028 753 dicatur,
1060 713 1117 743 ac
1158 712 1224 743 ne
1263 696 1444 743 sociale
1480 696 1702 758 quidem,

221 764 310 810 sed
349 780 444 810 nec
483 771 766 821 externum,
805 764 894 810 sed
934 768 1099 826 potius
1138 780 1403 809 commune
1451 763 1702 826 quoddam

160 839 185 877 5
223 847 285 877 ex
310 832 540 877 omnibus
567 838 619 877 et
642 831 754 893 plus
778 847 927 893 quam
953 831 1154 877 bellum.
1231 830 1434 893 Quippe
1471 834 1512 876 si
1545 830 1702 877 duces

221 902 326 944 eius
352 901 600 960 inspicias,
616 905 754 945 totus
780 905 983 944 senatus
1008 902 1058 943 in
1084 899 1339 960 partibus3
1378 901 1418 943 si
1437 900 1702 954 exercitus,

221 965 339 1010 hinc
377 965 614 1011 undecim
662 965 904 1025 legiones,
951 965 1071 1012 inde
1118 965 1295 1011 decem
1344 971 1397 1011 et
1444 971 1576 1022 octo,
1617 964 1704 1011 flos

221 1036 382 1078 omnis
408 1039 461 1078 et
486 1034 633 1078 robur
660 1033 823 1078 Italici
847 1036 1133 1094 sanguinis3
1171 1035 1210 1078 si
1233 1032 1417 1078 auxilia
1441 1035 1703 1088 sociorum,

222 1099 340 1145 hinc
382 1099 563 1146 Gallici
606 1100 946 1161 Germanique
989 1100 1221 1157 dilectus,
1262 1099 1382 1145 inde
1421 1098 1704 1156 Deiotarus,

224 1167 599 1222 Ariobarzanes,
625 1167 1056 1224 Tarcondimotus,
1082 1167 1233 1229 Cotys
1258 1173 1311 1213 et
1340 1165 1702 1228 Rhascypolis,³

223 1250 371 1280 omne
405 1234 666 1291 Thraciae,
699 1234 1059 1297 Cappadociae,
1105 1234 1449 1291 Macedoniae,
1487 1233 1704 1290 Ciliciae,

165 1308 189 1347 6
227 1301 466 1347 Graeciae
502 1305 758 1364 totiusque
800 1302 950 1348 robur
991 1304 1232 1356 orientis3
1270 1304 1310 1347 si
1346 1317 1536 1346 moram
1568 1300 1702 1358 belli,

223 1376 460 1431 quattuor
506 1372 641 1424 anni,
680 1368 807 1414 sed4
844 1385 933 1430 pro
971 1367 1113 1414 clade
1154 1384 1320 1415 rerum
1364 1366 1611 1423 breves35
1666 1371 1706 1414 si

224 1437 389 1481 locum
431 1442 484 1482 et
532 1436 788 1497 spatium,⁶
835 1439 1153 1481 commissum
1195 1441 1273 1481 est
1317 1439 1451 1481 intra
1492 1434 1705 1491 Italiam,

223 1502 343 1548 inde
405 1519 456 1549 se
516 1506 569 1548 in
629 1503 846 1548 Galliam
908 1503 1308 1565 Hispaniamque
1366 1501 1574 1549 deflexit
1630 1518 1706 1549 re-

224 1586 524 1632 versumque
553 1571 615 1615 ab
652 1587 829 1616 occasu
865 1573 986 1616 totis
1011 1570 1196 1615 viribus
1232 1573 1284 1615 in
1321 1569 1473 1632 Epiro
1497 1569 1707 1616 Thessa-

225 1638 390 1699 liaque
430 1637 688 1692 consedit-,3
738 1638 856 1683 hinc
894 1641 945 1682 in
989 1637 1283 1699 Aegyptum
1323 1637 1491 1683 subito
1527 1640 1707 1683 transi-

224 1704 335 1759 luit,
360 1704 479 1750 inde
504 1708 727 1766 respexit
752 1704 940 1761 Asiam,
966 1703 1166 1750 Africae
1191 1705 1438 1760 incubuit,
1455 1711 1708 1765 postremo

167 1779 190 1819 7
226 1775 278 1816 in
324 1772 620 1832 Hispaniam
663 1772 955 1834 regyravit⁷
991 1778 1044 1817 et
1085 1773 1153 1817 ibi
1196 1771 1464 1833 aliquando
1499 1771 1703 1818 defecit.

227 1838 327 1885 Sed
371 1855 472 1884 non
514 1845 567 1885 et
609 1838 721 1884 odia
767 1842 984 1901 partium
1023 1838 1164 1884 finita
1205 1855 1318 1884 cum
1355 1838 1502 1885 bello.
1592 1839 1706 1884 Non

277 1941 292 1964 ¹
321 1942 592 1993 praeluserat
617 1943 821 1981 Graevius
841 1959 849 1982 :
881 1942 1180 1993 praecluserat
1200 1943 1238 1981 B
1263 1956 1273 1981 τ
1302 1941 1583 1993 precluxerat
1601 1942 1650 1983 L.

277 1995 293 2019 ²
326 2000 470 2035 totum
487 1995 674 2047 denique
688 2008 774 2047 qua
788 1996 974 2048 patebat
990 2010 1000 2035 ε
1031 2001 1264 2048 totumque
1284 1995 1459 2047 potibat
1478 1997 1517 2035 B
1533 2011 1542 2036 :
1564 1999 1706 2036 totum

230 2049 418 2101 denique
438 2049 621 2101 patebat
641 2051 689 2089 L.

280 2104 296 2127 ³
326 2103 701 2151 Tarcondimotus,
738 2103 873 2156 Cotys
903 2108 949 2143 et
980 2102 1298 2155 Rhascypolis:
1336 2102 1537 2144 tarcondi
1565 2107 1709 2145 motus

231 2163 356 2209 cotys
376 2162 420 2196 et
440 2158 710 2209 thascypolis
730 2159 781 2197 B.

282 2212 298 2235 4
327 2212 444 2259 anni,
469 2211 568 2250 sed:
600 2212 725 2250 annis
744 2210 820 2251 sed
840 2213 902 2251 B:
934 2211 1036 2250 anni
1057 2215 1103 2250 et
1121 2211 1172 2250 L.

280 2265 296 2289 ⁵
327 2265 479 2304 breves
500 2267 725 2305 Halmius:
755 2265 887 2304 breve
908 2266 969 2305 B:
1001 2265 1131 2304 breve
1152 2270 1324 2316 tempus
1346 2265 1439 2306 NL.

278 2319 295 2343 ⁶
318 2319 394 2358 ubi
409 2325 497 2369 post
519 2320 709 2370 spatium
730 2320 807 2359 del.
834 2320 1085 2359 Perizonius.

280 2373 295 2397 ⁷
325 2374 574 2424 regyravit:
606 2374 818 2425 regiravit
837 2374 896 2413 L:
928 2373 1130 2425 regnavit
1149 2372 1198 2411 B.

283 2481 300 2505 ²
333 2480 410 2532 Cp.
446 2481 606 2528 Lucan,
640 2482 787 2523 Phars.
822 2481 857 2522 Ι.
895 2483 929 2530 l,
964 2482 1086 2521 Bella
1109 2493 1185 2531 per
1215 2482 1428 2521 Emathios
1455 2482 1555 2532 plus
1586 2494 1713 2532 quam

222 2536 371 2574 civilia
397 2549 569 2585 campos.

232 2598 325 2642 266
