1747 2912
542 191 594 237 L.
648 189 980 236 ANNAEUS
1031 188 1300 236 FLORUS

177 324 385 379 ageret;
438 318 626 365 deinde
666 317 990 364 moribundos
1031 333 1091 364 ea
1128 321 1443 365 seiunctione
1477 316 1668 365 redisse
1746 351 1747 386 ἰ

182 423 229 466 in
253 425 483 483 gratiam,
499 422 699 484 quando
715 425 990 469 sensissent
1009 421 1144 485 quod
1163 424 1269 468 eius
1285 437 1437 483 opera
1451 420 1670 468 redactis

181 528 235 571 in
259 530 556 587 sanguinem
581 528 703 573 cibis
727 530 1078 589 inrigarentur.

94 630 157 677 24
249 629 533 677 Secundam
592 635 644 676 in
703 632 826 678 urbe
881 631 1047 677 media
1099 630 1466 678 decemviratus
1513 630 1671 676 libido

182 734 426 782 conflavit.
516 736 710 782 Allatas
735 753 763 781 a
789 736 1000 782 Graecia
1031 735 1172 798 leges
1207 735 1385 782 decem
1421 739 1671 798 principes

179 838 301 886 lecti
316 840 526 887 iubente
551 840 738 903 populo
763 844 1179 902 conscripserant,
1204 840 1534 903 ordinataque
1561 847 1672 887 erat

179 948 232 991 in
256 945 523 993 duodecim
549 946 733 993 tabulis
757 953 865 993 tota
890 950 1097 1004 iustitia,
1124 963 1238 992 cum
1262 952 1435 992 tamen
1459 944 1671 992 traditos

121 1056 145 1095 2
181 1049 340 1097 fasces
365 1055 505 1113 regio
529 1051 746 1113 quodam
766 1051 932 1098 furore
952 1052 1257 1098 retinebant.
1319 1051 1457 1097 Ante
1477 1058 1672 1098 ceteros

179 1156 374 1218 Appius
434 1172 493 1203 eo
554 1156 854 1203 insolentiae
906 1156 1068 1203 elatus
1127 1163 1220 1213 est,
1280 1163 1338 1202 ut
1397 1159 1670 1219 ingenuam

177 1264 423 1323 virginem
459 1268 633 1324 stupro
669 1261 968 1319 destinaret,
998 1261 1185 1307 oblitus
1223 1267 1277 1308 et
1316 1261 1583 1308 Lucretiae
1616 1268 1671 1309 et

120 1372 144 1412 3
181 1382 359 1428 regum
384 1373 437 1413 et
461 1369 580 1413 iuris
616 1367 749 1429 quod
783 1370 890 1429 ipse
928 1372 1274 1429 conposuerat.
1349 1366 1528 1429 Itaque
1554 1382 1668 1413 cum

179 1488 464 1534 oppressam
488 1472 672 1518 iudicio
708 1471 858 1517 filiam
895 1471 1028 1518 trahi
1063 1475 1116 1517 in
1153 1475 1449 1518 servitutem
1473 1471 1670 1519 videret

179 1577 434 1639 Virginius
460 1584 619 1639 pater,
646 1577 770 1622 nihil
799 1583 1066 1624 cunctatus
1091 1581 1144 1623 in
1167 1577 1336 1624 medio
1372 1577 1479 1624 foro
1515 1594 1668 1625 manu

179 1699 265 1729 sua
289 1682 566 1740 interfecit,
584 1682 900 1744 admotisque
922 1685 1075 1744 signis
1093 1682 1492 1728 commilitonum
1507 1688 1668 1729 totam

178 1803 287 1835 cam
325 1787 721 1834 dominationem
760 1788 1011 1833 obsessam
1049 1790 1200 1833 armis
1235 1790 1288 1832 in
1326 1802 1578 1834 carcerem
1614 1795 1668 1836 et

178 1899 380 1939 catenas
405 1894 467 1938 ab
497 1894 752 1939 Aventino
777 1899 951 1939 monte
976 1891 1211 1939 detraxit.

91 1997 149 2045 25
261 1997 483 2044 Tertiam
554 1998 856 2044 seditionem
918 2000 1159 2044 excitavit
1229 2001 1662 2045 matrimoniorum

177 2101 414 2163 dignitas,
448 2108 507 2148 ut
548 2102 717 2164 plebei
757 2119 868 2148 cum
911 2105 1133 2164 patriciis
1175 2105 1538 2164 iungerentur3
1577 2106 1663 2166 qui

175 2207 423 2254 tumultus
458 2210 512 2253 in
546 2215 719 2254 monte
761 2208 983 2254 Ianiculo
1016 2207 1145 2255 duce
1186 2207 1424 2255 Canuleio
1459 2209 1664 2256 tribuno

176 2311 336 2373 plebis
385 2316 582 2358 exarsit.
672 2313 747 2360 26.
790 2311 1033 2370 Quartam
1072 2311 1318 2359 honorum
1358 2313 1557 2376 cupido,
1604 2321 1663 2362 ut

119 2422 143 2461 2
180 2416 347 2478 plebei
419 2433 618 2479 quoque
688 2420 1010 2478 magistratus
1081 2423 1382 2463 crearentur.
1480 2417 1661 2465 Fabius

176 2522 452 2568 Ambustus
501 2521 711 2568 duarum
759 2528 905 2584 pater
951 2521 1160 2569 alteram
1199 2520 1422 2585 Sulpicio
1463 2525 1660 2586 patricii

176 2623 232 2668 72
