<?xml version="1.0" encoding="UTF-8"?>
<!DOCTYPE html PUBLIC "-//W3C//DTD XHTML 1.0 Transitional//EN"
    "http://www.w3.org/TR/xhtml1/DTD/xhtml1-transitional.dtd">
<html xmlns="http://www.w3.org/1999/xhtml" xml:lang="en" lang="en">
 <head>
  <title>
</title>
<meta http-equiv="Content-Type" content="text/html;charset=utf-8" />
  <meta name='ocr-system' content='tesseract 3.04.00' />
  <meta name='ocr-capabilities' content='ocr_page ocr_carea ocr_par ocr_line ocrx_word'/>
</head>
<body>
  <div class='ocr_page' id='page_1' title='image "./lannaeifloriquae00floruoft_0172.png"; bbox 0 0 1747 2912; ppageno 0'>
   <div class='ocr_carea' id='block_1_1' title="bbox 88 1562 137 1601">
    <p class='ocr_par' dir='ltr' id='par_1_1' title="bbox 88 1562 137 1601">
     <span class='ocr_line' id='line_1_1' title="bbox 88 1562 137 1601; baseline 0 0"><span class='ocrx_word' id='word_1_1' title='bbox 88 1562 137 1601; x_wconf 84' lang='lat'>10</span> 
     </span>
    </p>
   </div>
   <div class='ocr_carea' id='block_1_2' title="bbox 91 1964 139 2004">
    <p class='ocr_par' dir='ltr' id='par_1_2' title="bbox 91 1964 139 2004">
     <span class='ocr_line' id='line_1_2' title="bbox 91 1964 139 2004; baseline -0.021 0"><span class='ocrx_word' id='word_1_2' title='bbox 91 1964 139 2004; x_wconf 93' lang='grc'>11</span> 
     </span>
    </p>
   </div>
   <div class='ocr_carea' id='block_1_3' title="bbox 532 135 1293 183">
    <p class='ocr_par' dir='ltr' id='par_1_3' title="bbox 532 135 1293 183">
     <span class='ocr_line' id='line_1_3' title="bbox 532 135 1293 183; baseline 0.001 -1"><span class='ocrx_word' id='word_1_3' title='bbox 532 137 586 182; x_wconf 94' lang='lat' dir='ltr'>L.</span> <span class='ocrx_word' id='word_1_4' title='bbox 639 135 972 182; x_wconf 83' lang='lat' dir='ltr'>ANNAEUS</span> <span class='ocrx_word' id='word_1_5' title='bbox 1022 135 1293 183; x_wconf 90' lang='lat' dir='ltr'>FLORUS</span> 
     </span>
    </p>
   </div>
   <div class='ocr_carea' id='block_1_4' title="bbox 172 262 1663 2100">
    <p class='ocr_par' dir='ltr' id='par_1_4' title="bbox 172 262 1663 2100">
     <span class='ocr_line' id='line_1_4' title="bbox 172 262 1655 327; baseline -0.001 -16"><span class='ocrx_word' id='word_1_6' title='bbox 172 273 453 327; x_wconf 86' lang='lat' dir='ltr'>acceptum,</span> <span class='ocrx_word' id='word_1_7' title='bbox 526 268 666 326; x_wconf 87' lang='lat' dir='ltr'>quasi</span> <span class='ocrx_word' id='word_1_8' title='bbox 734 280 910 310; x_wconf 89' lang='lat' dir='ltr'>manus</span> <span class='ocrx_word' id='word_1_9' title='bbox 982 263 1377 310; x_wconf 81' lang='lat' dir='ltr'>absciderentur.</span> <span class='ocrx_word' id='word_1_10' title='bbox 1477 262 1655 325; x_wconf 82' lang='lat' dir='ltr'>Itaque</span> 
     </span>
     <span class='ocr_line' id='line_1_5' title="bbox 174 344 1654 407; baseline -0.001 -16"><span class='ocrx_word' id='word_1_11' title='bbox 174 350 343 391; x_wconf 87' lang='lat' dir='ltr'>statim</span> <span class='ocrx_word' id='word_1_12' title='bbox 372 346 689 407; x_wconf 85' lang='lat' dir='ltr'>Megaravico</span> <span class='ocrx_word' id='word_1_13' title='bbox 715 345 982 391; x_wconf 87' lang='lat' dir='ltr'>fortissimo</span> <span class='ocrx_word' id='word_1_14' title='bbox 1007 344 1134 390; x_wconf 91' lang='lat' dir='ltr'>duce</span> <span class='ocrx_word' id='word_1_15' title='bbox 1159 344 1224 390; x_wconf 92' lang='lat' dir='ltr'>ad</span> <span class='ocrx_word' id='word_1_16' title='bbox 1256 360 1392 389; x_wconf 82' lang='lat' dir='ltr'>arma</span> <span class='ocrx_word' id='word_1_17' title='bbox 1415 347 1654 390; x_wconf 85' lang='lat' dir='ltr'>conversi.</span> 
     </span>
     <span class='ocr_line' id='line_1_6' title="bbox 176 424 1658 487; baseline -0.001 -16"><span class='ocrx_word' id='word_1_18' title='bbox 176 427 469 487; x_wconf 90' lang='lat' dir='ltr'>Pompeium</span> <span class='ocrx_word' id='word_1_19' title='bbox 494 425 684 487; x_wconf 89' lang='lat' dir='ltr'>proelio</span> <span class='ocrx_word' id='word_1_20' title='bbox 709 425 950 486; x_wconf 79' lang='lat' dir='ltr'>adgressi,</span> <span class='ocrx_word' id='word_1_21' title='bbox 966 424 1143 471; x_wconf 87' lang='lat' dir='ltr'>foedus</span> <span class='ocrx_word' id='word_1_22' title='bbox 1162 431 1336 471; x_wconf 89' lang='lat' dir='ltr'>tamen</span> <span class='ocrx_word' id='word_1_23' title='bbox 1354 424 1658 481; x_wconf 78' lang='lat' dir='ltr'>maluerunt,</span> 
     </span>
     <span class='ocr_line' id='line_1_7' title="bbox 174 505 1658 568; baseline -0.001 -16"><span class='ocrx_word' id='word_1_24' title='bbox 174 524 287 552; x_wconf 91' lang='lat' dir='ltr'>cum</span> <span class='ocrx_word' id='word_1_25' title='bbox 312 506 567 552; x_wconf 89' lang='lat' dir='ltr'>debellare</span> <span class='ocrx_word' id='word_1_26' title='bbox 593 510 879 568; x_wconf 86' lang='lat' dir='ltr'>potuissent</span> <span class='ocrx_word' id='word_1_27' title='bbox 899 522 910 561; x_wconf 91' lang='lat'>;</span> <span class='ocrx_word' id='word_1_28' title='bbox 928 541 930 543; x_wconf 26' lang='grc' dir='ltr'>ψ</span> <span class='ocrx_word' id='word_1_29' title='bbox 950 505 1226 552; x_wconf 83' lang='lat' dir='ltr'>Hostilium</span> <span class='ocrx_word' id='word_1_30' title='bbox 1254 505 1440 551; x_wconf 92' lang='lat' dir='ltr'>deinde</span> <span class='ocrx_word' id='word_1_31' title='bbox 1466 505 1658 550; x_wconf 87' lang='lat' dir='ltr'>Manci-</span> 
     </span>
     <span class='ocr_line' id='line_1_8' title="bbox 176 586 1658 649; baseline -0.001 -16"><span class='ocrx_word' id='word_1_32' title='bbox 176 605 297 633; x_wconf 91' lang='lat' dir='ltr'>num</span> <span class='ocrx_word' id='word_1_33' title='bbox 319 605 328 633; x_wconf 88' lang='lat'>:</span> <span class='ocrx_word' id='word_1_34' title='bbox 352 587 487 639; x_wconf 86' lang='lat' dir='ltr'>hunc</span> <span class='ocrx_word' id='word_1_35' title='bbox 509 603 708 649; x_wconf 89' lang='lat' dir='ltr'>quoque</span> <span class='ocrx_word' id='word_1_36' title='bbox 732 586 952 632; x_wconf 82' lang='lat' dir='ltr'>adsiduis</span> <span class='ocrx_word' id='word_1_37' title='bbox 980 586 1215 649; x_wconf 90' lang='lat' dir='ltr'>caedibus</span> <span class='ocrx_word' id='word_1_38' title='bbox 1242 590 1313 632; x_wconf 89' lang='lat' dir='ltr'>ita</span> <span class='ocrx_word' id='word_1_39' title='bbox 1331 587 1658 648; x_wconf 87' lang='lat' dir='ltr'>subegerunt,</span> 
     </span>
     <span class='ocr_line' id='line_1_9' title="bbox 174 667 1660 729; baseline -0.001 -15"><span class='ocrx_word' id='word_1_40' title='bbox 174 675 232 714; x_wconf 89' lang='lat' dir='ltr'>ut</span> <span class='ocrx_word' id='word_1_41' title='bbox 274 685 339 714; x_wconf 90' lang='lat' dir='ltr'>ne</span> <span class='ocrx_word' id='word_1_42' title='bbox 393 668 560 713; x_wconf 91' lang='lat' dir='ltr'>oculos</span> <span class='ocrx_word' id='word_1_43' title='bbox 615 667 821 729; x_wconf 90' lang='lat' dir='ltr'>quidem</span> <span class='ocrx_word' id='word_1_44' title='bbox 867 674 955 713; x_wconf 89' lang='lat' dir='ltr'>aut</span> <span class='ocrx_word' id='word_1_45' title='bbox 1002 683 1176 713; x_wconf 86' lang='lat' dir='ltr'>vocem</span> <span class='ocrx_word' id='word_1_46' title='bbox 1224 667 1523 713; x_wconf 90' lang='lat' dir='ltr'>Numantini</span> <span class='ocrx_word' id='word_1_47' title='bbox 1569 670 1660 712; x_wconf 88' lang='lat' dir='ltr'>viri</span> 
     </span>
     <span class='ocr_line' id='line_1_10' title="bbox 173 747 1658 810; baseline 0 -16"><span class='ocrx_word' id='word_1_48' title='bbox 173 752 435 810; x_wconf 88' lang='lat' dir='ltr'>quisquam</span> <span class='ocrx_word' id='word_1_49' title='bbox 495 752 797 794; x_wconf 53' lang='lat' dir='ltr'>sustineren</span> <span class='ocrx_word' id='word_1_50' title='bbox 871 748 1064 793; x_wconf 80' lang='lat' dir='ltr'><strong>Tamen</strong></span> <span class='ocrx_word' id='word_1_51' title='bbox 1123 764 1236 793; x_wconf 90' lang='lat' dir='ltr'>cum</span> <span class='ocrx_word' id='word_1_52' title='bbox 1304 747 1399 793; x_wconf 91' lang='lat' dir='ltr'>hoc</span> <span class='ocrx_word' id='word_1_53' title='bbox 1458 763 1658 809; x_wconf 89' lang='lat' dir='ltr'>quoque</span> 
     </span>
     <span class='ocr_line' id='line_1_11' title="bbox 173 828 1658 885; baseline -0.001 -10"><span class='ocrx_word' id='word_1_54' title='bbox 173 829 350 875; x_wconf 87' lang='lat' dir='ltr'>foedus</span> <span class='ocrx_word' id='word_1_55' title='bbox 394 828 631 885; x_wconf 79' lang='lat' dir='ltr'><strong>maluere,</strong></span> <span class='ocrx_word' id='word_1_56' title='bbox 672 832 901 874; x_wconf 87' lang='lat' dir='ltr'>contenti</span> <span class='ocrx_word' id='word_1_57' title='bbox 948 844 1196 873; x_wconf 88' lang='lat' dir='ltr'>armorum</span> <span class='ocrx_word' id='word_1_58' title='bbox 1239 828 1504 885; x_wconf 86' lang='lat' dir='ltr'>manubiis,</span> <span class='ocrx_word' id='word_1_59' title='bbox 1547 845 1658 874; x_wconf 90' lang='lat' dir='ltr'>cum</span> 
     </span>
     <span class='ocr_line' id='line_1_12' title="bbox 173 908 1660 970; baseline 0 -15"><span class='ocrx_word' id='word_1_60' title='bbox 173 909 235 955; x_wconf 89' lang='lat' dir='ltr'>ad</span> <span class='ocrx_word' id='word_1_61' title='bbox 262 913 648 955; x_wconf 71' lang='lat' dir='ltr'>internicionem</span> <span class='ocrx_word' id='word_1_62' title='bbox 674 913 863 955; x_wconf 89' lang='lat' dir='ltr'>saevire</span> <span class='ocrx_word' id='word_1_63' title='bbox 888 912 1186 970; x_wconf 89' lang='lat' dir='ltr'>potuissent.</span> <span class='ocrx_word' id='word_1_64' title='bbox 1249 908 1351 955; x_wconf 92' lang='lat' dir='ltr'>Sed</span> <span class='ocrx_word' id='word_1_65' title='bbox 1368 925 1472 954; x_wconf 90' lang='lat' dir='ltr'>non</span> <span class='ocrx_word' id='word_1_66' title='bbox 1496 912 1660 955; x_wconf 90' lang='lat' dir='ltr'>minus</span> 
     </span>
     <span class='ocr_line' id='line_1_13' title="bbox 177 989 1661 1052; baseline 0.001 -17"><span class='ocrx_word' id='word_1_67' title='bbox 177 991 475 1036; x_wconf 88' lang='lat' dir='ltr'>Numantini</span> <span class='ocrx_word' id='word_1_68' title='bbox 524 1007 672 1052; x_wconf 90' lang='lat' dir='ltr'>quam</span> <span class='ocrx_word' id='word_1_69' title='bbox 733 990 942 1035; x_wconf 86' lang='lat' dir='ltr'>Caudini</span> <span class='ocrx_word' id='word_1_70' title='bbox 991 989 1123 1035; x_wconf 91' lang='lat' dir='ltr'>illius</span> <span class='ocrx_word' id='word_1_71' title='bbox 1171 989 1389 1035; x_wconf 89' lang='lat' dir='ltr'>foederis</span> <span class='ocrx_word' id='word_1_72' title='bbox 1448 989 1661 1051; x_wconf 85' lang='lat' dir='ltr'>flagrans</span> 
     </span>
     <span class='ocr_line' id='line_1_14' title="bbox 173 1069 1662 1132; baseline 0.001 -17"><span class='ocrx_word' id='word_1_73' title='bbox 173 1074 448 1132; x_wconf 85' lang='lat' dir='ltr'>ignominia</span> <span class='ocrx_word' id='word_1_74' title='bbox 496 1077 582 1116; x_wconf 86' lang='lat' dir='ltr'>aut</span> <span class='ocrx_word' id='word_1_75' title='bbox 632 1070 823 1132; x_wconf 91' lang='lat' dir='ltr'>pudore</span> <span class='ocrx_word' id='word_1_76' title='bbox 876 1070 1091 1132; x_wconf 93' lang='lat' dir='ltr'>populus</span> <span class='ocrx_word' id='word_1_77' title='bbox 1139 1070 1390 1116; x_wconf 88' lang='lat' dir='ltr'>Romanus</span> <span class='ocrx_word' id='word_1_78' title='bbox 1442 1069 1662 1116; x_wconf 91' lang='lat' dir='ltr'>dedecus</span> 
     </span>
     <span class='ocr_line' id='line_1_15' title="bbox 175 1151 1660 1213; baseline 0.001 -17"><span class='ocrx_word' id='word_1_79' title='bbox 175 1151 379 1213; x_wconf 90' lang='lat' dir='ltr'>quidem</span> <span class='ocrx_word' id='word_1_80' title='bbox 406 1154 684 1213; x_wconf 89' lang='lat' dir='ltr'>praesentis</span> <span class='ocrx_word' id='word_1_81' title='bbox 708 1151 884 1213; x_wconf 85' lang='lat' dir='ltr'>flagitii</span> <span class='ocrx_word' id='word_1_82' title='bbox 900 1151 1160 1197; x_wconf 88' lang='lat' dir='ltr'>deditione</span> <span class='ocrx_word' id='word_1_83' title='bbox 1182 1151 1408 1196; x_wconf 84' lang='lat' dir='ltr'>Mancini</span> <span class='ocrx_word' id='word_1_84' title='bbox 1425 1154 1660 1213; x_wconf 87' lang='lat' dir='ltr'>expiavit,</span> 
     </span>
     <span class='ocr_line' id='line_1_16' title="bbox 176 1231 1658 1294; baseline -0.001 -16"><span class='ocrx_word' id='word_1_85' title='bbox 176 1239 402 1278; x_wconf 79' lang='lat' dir='ltr'>ceterum</span> <span class='ocrx_word' id='word_1_86' title='bbox 449 1232 577 1278; x_wconf 91' lang='lat' dir='ltr'>duce</span> <span class='ocrx_word' id='word_1_87' title='bbox 625 1231 876 1293; x_wconf 88' lang='lat' dir='ltr'>Scipione,</span> <span class='ocrx_word' id='word_1_88' title='bbox 931 1232 1250 1294; x_wconf 78' lang='lat' dir='ltr'>Carthaginis</span> <span class='ocrx_word' id='word_1_89' title='bbox 1297 1231 1544 1278; x_wconf 89' lang='lat' dir='ltr'>incendiis</span> <span class='ocrx_word' id='word_1_90' title='bbox 1594 1231 1658 1277; x_wconf 91' lang='lat' dir='ltr'>ad</span> 
     </span>
     <span class='ocr_line' id='line_1_17' title="bbox 176 1312 1663 1370; baseline -0.001 -11"><span class='ocrx_word' id='word_1_91' title='bbox 176 1313 426 1359; x_wconf 82' lang='lat' dir='ltr'>excidium</span> <span class='ocrx_word' id='word_1_92' title='bbox 463 1314 662 1358; x_wconf 88' lang='lat' dir='ltr'>urbium</span> <span class='ocrx_word' id='word_1_93' title='bbox 698 1314 891 1370; x_wconf 81' lang='lat' dir='ltr'>inbuto,</span> <span class='ocrx_word' id='word_1_94' title='bbox 915 1313 1125 1359; x_wconf 89' lang='lat' dir='ltr'>tandem</span> <span class='ocrx_word' id='word_1_95' title='bbox 1163 1316 1314 1358; x_wconf 85' lang='lat' dir='ltr'>etiam</span> <span class='ocrx_word' id='word_1_96' title='bbox 1340 1316 1393 1358; x_wconf 91' lang='lat' dir='ltr'>in</span> <span class='ocrx_word' id='word_1_97' title='bbox 1416 1312 1663 1359; x_wconf 90' lang='lat' dir='ltr'>ultionem</span> 
     </span>
     <span class='ocr_line' id='line_1_18' title="bbox 176 1393 1662 1456; baseline -0.001 -16"><span class='ocrx_word' id='word_1_98' title='bbox 176 1393 462 1442; x_wconf 87' lang='lat' dir='ltr'>excanduit.</span> <span class='ocrx_word' id='word_1_99' title='bbox 557 1393 659 1440; x_wconf 87' lang='lat' dir='ltr'>Sed</span> <span class='ocrx_word' id='word_1_100' title='bbox 701 1400 811 1439; x_wconf 91' lang='lat' dir='ltr'>tum</span> <span class='ocrx_word' id='word_1_101' title='bbox 867 1397 1026 1439; x_wconf 81' lang='lat' dir='ltr'>acrius</span> <span class='ocrx_word' id='word_1_102' title='bbox 1074 1398 1126 1439; x_wconf 91' lang='lat' dir='ltr'>in</span> <span class='ocrx_word' id='word_1_103' title='bbox 1175 1397 1346 1439; x_wconf 88' lang='lat' dir='ltr'>castris</span> <span class='ocrx_word' id='word_1_104' title='bbox 1403 1410 1553 1456; x_wconf 91' lang='lat' dir='ltr'>quam</span> <span class='ocrx_word' id='word_1_105' title='bbox 1609 1397 1662 1439; x_wconf 92' lang='lat' dir='ltr'>in</span> 
     </span>
     <span class='ocr_line' id='line_1_19' title="bbox 178 1474 1660 1536; baseline 0 -17"><span class='ocrx_word' id='word_1_106' title='bbox 178 1491 370 1535; x_wconf 84' lang='lat' dir='ltr'>campo,</span> <span class='ocrx_word' id='word_1_107' title='bbox 412 1481 582 1520; x_wconf 87' lang='lat' dir='ltr'>nostro</span> <span class='ocrx_word' id='word_1_108' title='bbox 631 1491 744 1520; x_wconf 91' lang='lat' dir='ltr'>cum</span> <span class='ocrx_word' id='word_1_109' title='bbox 793 1474 954 1521; x_wconf 87' lang='lat' dir='ltr'>milite</span> <span class='ocrx_word' id='word_1_110' title='bbox 998 1491 1147 1536; x_wconf 86' lang='lat' dir='ltr'>quam</span> <span class='ocrx_word' id='word_1_111' title='bbox 1186 1491 1299 1520; x_wconf 91' lang='lat' dir='ltr'>cum</span> <span class='ocrx_word' id='word_1_112' title='bbox 1349 1474 1660 1520; x_wconf 86' lang='lat' dir='ltr'>Numantino</span> 
     </span>
     <span class='ocr_line' id='line_1_20' title="bbox 175 1548 1658 1617; baseline 0.001 -17"><span class='ocrx_word' id='word_1_113' title='bbox 175 1555 523 1617; x_wconf 91' lang='lat' dir='ltr'>proeliandum</span> <span class='ocrx_word' id='word_1_114' title='bbox 571 1555 681 1602; x_wconf 89' lang='lat' dir='ltr'>fuit.</span> <span class='ocrx_word' id='word_1_115' title='bbox 756 1555 959 1617; x_wconf 81' lang='lat' dir='ltr'>Quippe</span> <span class='ocrx_word' id='word_1_116' title='bbox 1001 1555 1222 1601; x_wconf 87' lang='lat' dir='ltr'>adsiduis</span> <span class='ocrx_word' id='word_1_117' title='bbox 1269 1548 1335 1601; x_wconf 79' lang='lat' dir='ltr'>et</span> <span class='ocrx_word' id='word_1_118' title='bbox 1369 1558 1567 1601; x_wconf 90' lang='lat' dir='ltr'>iniustis</span> <span class='ocrx_word' id='word_1_119' title='bbox 1605 1562 1658 1601; x_wconf 90' lang='lat' dir='ltr'>et</span> 
     </span>
     <span class='ocr_line' id='line_1_21' title="bbox 176 1635 1662 1698; baseline 0 -16"><span class='ocrx_word' id='word_1_120' title='bbox 176 1637 437 1682; x_wconf 76' lang='lat' dir='ltr'>servilibus</span> <span class='ocrx_word' id='word_1_121' title='bbox 495 1640 711 1682; x_wconf 85' lang='lat' dir='ltr'>maxime</span> <span class='ocrx_word' id='word_1_122' title='bbox 759 1637 993 1698; x_wconf 89' lang='lat' dir='ltr'>operibus</span> <span class='ocrx_word' id='word_1_123' title='bbox 1045 1636 1219 1682; x_wconf 75' lang='lat' dir='ltr'>adtriti</span> <span class='ocrx_word' id='word_1_124' title='bbox 1270 1635 1403 1682; x_wconf 87' lang='lat' dir='ltr'>ferre</span> <span class='ocrx_word' id='word_1_125' title='bbox 1464 1636 1662 1698; x_wconf 90' lang='lat' dir='ltr'>plenius</span> 
     </span>
     <span class='ocr_line' id='line_1_22' title="bbox 175 1717 1663 1779; baseline 0.001 -18"><span class='ocrx_word' id='word_1_126' title='bbox 175 1717 377 1773; x_wconf 80' lang='lat' dir='ltr'>vallum,</span> <span class='ocrx_word' id='word_1_127' title='bbox 425 1721 510 1778; x_wconf 92' lang='lat' dir='ltr'>qui</span> <span class='ocrx_word' id='word_1_128' title='bbox 557 1734 693 1762; x_wconf 89' lang='lat' dir='ltr'>arma</span> <span class='ocrx_word' id='word_1_129' title='bbox 740 1720 1010 1772; x_wconf 84' lang='lat' dir='ltr'>nescirent,</span> <span class='ocrx_word' id='word_1_130' title='bbox 1060 1717 1168 1763; x_wconf 89' lang='lat' dir='ltr'>luto</span> <span class='ocrx_word' id='word_1_131' title='bbox 1225 1720 1491 1779; x_wconf 86' lang='lat' dir='ltr'>inquinari,</span> <span class='ocrx_word' id='word_1_132' title='bbox 1547 1720 1663 1779; x_wconf 89' lang='lat' dir='ltr'>quia</span> 
     </span>
     <span class='ocr_line' id='line_1_23' title="bbox 175 1796 1659 1859; baseline -0.001 -16"><span class='ocrx_word' id='word_1_133' title='bbox 175 1801 419 1859; x_wconf 82' lang='lat' dir='ltr'>sanguine</span> <span class='ocrx_word' id='word_1_134' title='bbox 478 1797 691 1854; x_wconf 85' lang='lat' dir='ltr'>nollent,</span> <span class='ocrx_word' id='word_1_135' title='bbox 751 1798 1066 1843; x_wconf 88' lang='lat' dir='ltr'>iubebantur.</span> <span class='ocrx_word' id='word_1_136' title='bbox 1163 1796 1245 1842; x_wconf 88' lang='lat' dir='ltr'>Ad</span> <span class='ocrx_word' id='word_1_137' title='bbox 1315 1797 1411 1842; x_wconf 93' lang='lat' dir='ltr'>hoc</span> <span class='ocrx_word' id='word_1_138' title='bbox 1481 1804 1659 1854; x_wconf 82' lang='lat' dir='ltr'>scorta,</span> 
     </span>
     <span class='ocr_line' id='line_1_24' title="bbox 178 1878 1662 1940; baseline 0.001 -18"><span class='ocrx_word' id='word_1_139' title='bbox 178 1878 393 1932; x_wconf 84' lang='lat' dir='ltr'>calones,</span> <span class='ocrx_word' id='word_1_140' title='bbox 439 1882 658 1924; x_wconf 80' lang='lat' dir='ltr'>sarcinae</span> <span class='ocrx_word' id='word_1_141' title='bbox 701 1881 796 1924; x_wconf 85' lang='lat' dir='ltr'>nisi</span> <span class='ocrx_word' id='word_1_142' title='bbox 843 1878 906 1923; x_wconf 91' lang='lat' dir='ltr'>ad</span> <span class='ocrx_word' id='word_1_143' title='bbox 954 1894 1099 1924; x_wconf 87' lang='lat' dir='ltr'>usum</span> <span class='ocrx_word' id='word_1_144' title='bbox 1139 1881 1448 1924; x_wconf 88' lang='lat' dir='ltr'>necessariae</span> <span class='ocrx_word' id='word_1_145' title='bbox 1490 1894 1662 1940; x_wconf 85' lang='lat' dir='ltr'>ampu-</span> 
     </span>
     <span class='ocr_line' id='line_1_25' title="bbox 177 1958 1662 2021; baseline -0.001 -17"><span class='ocrx_word' id='word_1_146' title='bbox 177 1965 364 2004; x_wconf 77' lang='lat' dir='ltr'>tantur.</span> <span class='ocrx_word' id='word_1_147' title='bbox 437 1958 587 2004; x_wconf 90' lang='lat' dir='ltr'>Tanti</span> <span class='ocrx_word' id='word_1_148' title='bbox 631 1975 738 2005; x_wconf 92' lang='lat' dir='ltr'>esse</span> <span class='ocrx_word' id='word_1_149' title='bbox 776 1962 1054 2004; x_wconf 82' lang='lat' dir='ltr'>exercitum</span> <span class='ocrx_word' id='word_1_150' title='bbox 1093 1962 1268 2021; x_wconf 88' lang='lat' dir='ltr'>quanti</span> <span class='ocrx_word' id='word_1_151' title='bbox 1305 1962 1662 2020; x_wconf 85' lang='lat' dir='ltr'>imperatorem</span> 
     </span>
     <span class='ocr_line' id='line_1_26' title="bbox 176 2039 1663 2100; baseline -0.001 -15"><span class='ocrx_word' id='word_1_152' title='bbox 176 2055 294 2085; x_wconf 88' lang='lat' dir='ltr'>vere</span> <span class='ocrx_word' id='word_1_153' title='bbox 352 2039 607 2100; x_wconf 88' lang='lat' dir='ltr'>proditum</span> <span class='ocrx_word' id='word_1_154' title='bbox 664 2046 754 2086; x_wconf 88' lang='lat' dir='ltr'>est.</span> <span class='ocrx_word' id='word_1_155' title='bbox 852 2039 932 2085; x_wconf 90' lang='lat' dir='ltr'>Sic</span> <span class='ocrx_word' id='word_1_156' title='bbox 979 2039 1185 2085; x_wconf 89' lang='lat' dir='ltr'>redacto</span> <span class='ocrx_word' id='word_1_157' title='bbox 1239 2043 1293 2084; x_wconf 91' lang='lat' dir='ltr'>in</span> <span class='ocrx_word' id='word_1_158' title='bbox 1348 2039 1663 2100; x_wconf 88' lang='lat' dir='ltr'>disciplinam</span> 
     </span>
    </p>
   </div>
   <div class='ocr_carea' id='block_1_5' title="bbox 171 2207 1664 2528">
    <p class='ocr_par' dir='ltr' id='par_1_5' title="bbox 171 2207 1664 2368">
     <span class='ocr_line' id='line_1_27' title="bbox 227 2207 1663 2260; baseline 0 -13"><span class='ocrx_word' id='word_1_159' title='bbox 227 2208 243 2232; x_wconf 81' lang='lat'>1</span> <span class='ocrx_word' id='word_1_160' title='bbox 274 2208 504 2247; x_wconf 84' lang='lat' dir='ltr'>Mancinus</span> <span class='ocrx_word' id='word_1_161' title='bbox 535 2222 624 2247; x_wconf 81' lang='lat' dir='ltr'>was</span> <span class='ocrx_word' id='word_1_162' title='bbox 657 2208 811 2260; x_wconf 85' lang='lat' dir='ltr'>placed</span> <span class='ocrx_word' id='word_1_163' title='bbox 849 2208 1060 2248; x_wconf 85' lang='lat' dir='ltr'>unarmed</span> <span class='ocrx_word' id='word_1_164' title='bbox 1093 2207 1177 2247; x_wconf 86' lang='lat' dir='ltr'>and</span> <span class='ocrx_word' id='word_1_165' title='bbox 1217 2207 1365 2247; x_wconf 89' lang='lat' dir='ltr'>bound</span> <span class='ocrx_word' id='word_1_166' title='bbox 1402 2207 1551 2247; x_wconf 86' lang='lat' dir='ltr'>before</span> <span class='ocrx_word' id='word_1_167' title='bbox 1587 2208 1663 2248; x_wconf 83' lang='lat' dir='ltr'>the</span> 
     </span>
     <span class='ocr_line' id='line_1_28' title="bbox 172 2261 1664 2315; baseline 0 -14"><span class='ocrx_word' id='word_1_168' title='bbox 172 2268 294 2315; x_wconf 86' lang='lat' dir='ltr'>gates</span> <span class='ocrx_word' id='word_1_169' title='bbox 315 2262 359 2301; x_wconf 82' lang='lat' dir='ltr'>of</span> <span class='ocrx_word' id='word_1_170' title='bbox 380 2262 633 2311; x_wconf 76' lang='lat' dir='ltr'>Numantia,</span> <span class='ocrx_word' id='word_1_171' title='bbox 659 2262 739 2301; x_wconf 82' lang='lat' dir='ltr'>but</span> <span class='ocrx_word' id='word_1_172' title='bbox 759 2263 835 2301; x_wconf 82' lang='lat' dir='ltr'>the</span> <span class='ocrx_word' id='word_1_173' title='bbox 855 2262 1150 2302; x_wconf 84' lang='lat' dir='ltr'>Numantines</span> <span class='ocrx_word' id='word_1_174' title='bbox 1169 2262 1342 2301; x_wconf 86' lang='lat' dir='ltr'>refused</span> <span class='ocrx_word' id='word_1_175' title='bbox 1372 2266 1418 2302; x_wconf 81' lang='lat' dir='ltr'>to</span> <span class='ocrx_word' id='word_1_176' title='bbox 1447 2261 1554 2301; x_wconf 84' lang='lat' dir='ltr'>take</span> <span class='ocrx_word' id='word_1_177' title='bbox 1573 2262 1664 2301; x_wconf 89' lang='lat' dir='ltr'>him</span> 
     </span>
     <span class='ocr_line' id='line_1_29' title="bbox 171 2316 1192 2368; baseline 0.001 -14"><span class='ocrx_word' id='word_1_178' title='bbox 171 2318 369 2368; x_wconf 82' lang='lat' dir='ltr'>prisoner</span> <span class='ocrx_word' id='word_1_179' title='bbox 390 2316 519 2364; x_wconf 84' lang='lat' dir='ltr'>(Vell.</span> <span class='ocrx_word' id='word_1_180' title='bbox 546 2316 693 2355; x_wconf 85' lang='lat' dir='ltr'>Pater.</span> <span class='ocrx_word' id='word_1_181' title='bbox 716 2316 774 2364; x_wconf 83' lang='grc' dir='ltr'>ΙΙ,</span> <span class='ocrx_word' id='word_1_182' title='bbox 804 2318 838 2363; x_wconf 85' lang='lat' dir='ltr'>l,</span> <span class='ocrx_word' id='word_1_183' title='bbox 861 2318 916 2365; x_wconf 86' lang='lat'>5).</span> <span class='ocrx_word' id='word_1_184' title='bbox 1189 2348 1192 2350; x_wconf 89' lang='lat'>.</span> 
     </span>
    </p>

    <p class='ocr_par' dir='ltr' id='par_1_6' title="bbox 172 2368 1663 2528">
     <span class='ocr_line' id='line_1_30' title="bbox 231 2368 1661 2422; baseline 0 -12"><span class='ocrx_word' id='word_1_185' title='bbox 231 2371 246 2394; x_wconf 83' lang='lat'><strong>²</strong></span> <span class='ocrx_word' id='word_1_186' title='bbox 277 2370 352 2422; x_wconf 90' lang='lat' dir='ltr'>Cp.</span> <span class='ocrx_word' id='word_1_187' title='bbox 385 2369 478 2408; x_wconf 80' lang='lat' dir='ltr'>Liv.</span> <span class='ocrx_word' id='word_1_188' title='bbox 513 2371 625 2420; x_wconf 75' lang='lat' dir='ltr'>Epit.</span> <span class='ocrx_word' id='word_1_189' title='bbox 660 2371 710 2412; x_wconf 84' lang='lat'>57</span> <span class='ocrx_word' id='word_1_190' title='bbox 742 2370 903 2418; x_wconf 86' lang='lat' dir='ltr'>(where</span> <span class='ocrx_word' id='word_1_191' title='bbox 933 2370 1009 2409; x_wconf 80' lang='lat' dir='ltr'>the</span> <span class='ocrx_word' id='word_1_192' title='bbox 1038 2369 1235 2409; x_wconf 75' lang='lat' dir='ltr'>incident</span> <span class='ocrx_word' id='word_1_193' title='bbox 1272 2370 1309 2408; x_wconf 86' lang='lat' dir='ltr'>is</span> <span class='ocrx_word' id='word_1_194' title='bbox 1347 2368 1541 2409; x_wconf 83' lang='lat' dir='ltr'>referred</span> <span class='ocrx_word' id='word_1_195' title='bbox 1569 2370 1661 2419; x_wconf 83' lang='lat' dir='ltr'>to):</span> 
     </span>
     <span class='ocr_line' id='line_1_31' title="bbox 172 2425 1663 2475; baseline -0.001 -11"><span class='ocrx_word' id='word_1_196' title='bbox 172 2426 351 2464; x_wconf 65' lang='lat' dir='ltr'>milicem</span> <span class='ocrx_word' id='word_1_197' title='bbox 389 2426 568 2475; x_wconf 68' lang='lat' dir='ltr'>triyinta</span> <span class='ocrx_word' id='word_1_198' title='bbox 606 2426 772 2464; x_wconf 69' lang='lat' dir='ltr'>dierum</span> <span class='ocrx_word' id='word_1_199' title='bbox 798 2426 1025 2474; x_wconf 76' lang='lat' dir='ltr'>frumenta</span> <span class='ocrx_word' id='word_1_200' title='bbox 1072 2437 1118 2464; x_wconf 79' lang='lat' dir='ltr'>ac</span> <span class='ocrx_word' id='word_1_201' title='bbox 1162 2428 1337 2474; x_wconf 75' lang='lat' dir='ltr'>septenos</span> <span class='ocrx_word' id='word_1_202' title='bbox 1382 2425 1512 2464; x_wconf 77' lang='lat' dir='ltr'>vallos</span> <span class='ocrx_word' id='word_1_203' title='bbox 1551 2425 1663 2472; x_wconf 80' lang='lat' dir='ltr'>ferre</span> 
     </span>
     <span class='ocr_line' id='line_1_32' title="bbox 173 2481 306 2528; baseline 0 -11"><span class='ocrx_word' id='word_1_204' title='bbox 173 2481 306 2528; x_wconf 57' lang='lat' dir='ltr'>meyer.</span> 
     </span>
    </p>
   </div>
   <div class='ocr_carea' id='block_1_6' title="bbox 184 2569 272 2615">
    <p class='ocr_par' dir='ltr' id='par_1_7' title="bbox 184 2569 272 2615">
     <span class='ocr_line' id='line_1_33' title="bbox 184 2569 272 2615; baseline 0.011 -16"><span class='ocrx_word' id='word_1_205' title='bbox 184 2569 272 2615; x_wconf 86' lang='lat'>152</span> 
     </span>
    </p>
   </div>
  </div>
 </body>
</html>
