1747 2912
123 497 146 534 2

123 672 146 711 3

512 186 565 232 L.
616 185 947 232 ANNAEUS
996 184 1265 231 FLORUS

179 317 231 359 in
289 313 530 360 honorem
580 316 776 359 virtutis
837 329 1049 374 regnum
1108 312 1240 359 ultro
1298 312 1487 360 datum.
1563 314 1663 359 Hic

178 418 378 447 omnem
425 401 693 446 militarem
753 399 1068 461 disciplinam
1117 406 1380 462 artemque
1439 399 1663 447 bellandi

177 488 415 535 condidit.
489 488 667 550 ltaque
732 491 913 533 mirum
972 491 1023 532 in
1083 487 1289 533 modum
1353 486 1661 535 exercitata¹

177 580 440 622 iuventute
477 591 743 637 provocare
779 591 925 621 ausus
964 574 1202 632 Albanos,
1238 591 1442 637 gravem
1481 581 1535 621 et
1575 575 1662 621 diu

175 667 453 726 principem
478 662 733 725 populum.
809 662 908 708 Sed
947 679 1059 708 cum
1084 665 1190 724 pari
1215 663 1390 708 robore
1426 661 1662 725 frequen-

176 751 309 798 tibus
335 750 535 813 proeliis
562 753 760 812 utrique
793 753 1271 807 comminuerentur,
1296 753 1444 796 misso
1468 752 1519 795 in
1547 766 1661 795 con-

178 839 419 901 pendium
479 838 629 894 bello,
692 838 917 883 Horatiis
976 837 1327 900 Curiatiisque,
1381 840 1663 899 trigeminis

179 927 295 972 hinc
341 932 493 988 atque
542 925 661 971 inde
722 924 972 981 fratribus,
1022 927 1283 987 utriusque
1330 923 1502 986 populi
1560 924 1663 971 fata

176 1017 414 1076 permissa
434 1019 564 1060 sunt.
616 1013 818 1074 Anceps
839 1019 892 1058 et
916 1011 1125 1073 pulchra
1144 1015 1404 1058 contentio
1423 1015 1661 1074 exituque

177 1106 284 1164 ipso
316 1100 566 1147 mirabilis.
641 1100 819 1146 Tribus
851 1103 1037 1162 quippe
1072 1099 1209 1145 illinc
1235 1099 1521 1156 volneratis,
1545 1098 1662 1145 hinc

177 1190 370 1235 duobus
417 1192 605 1245 occisis,
642 1191 726 1251 qui
776 1195 1037 1249 supererat
1090 1188 1329 1234 Horatius
1377 1187 1551 1234 addito
1598 1187 1662 1233 ad

178 1281 414 1323 virtutem
442 1276 572 1333 dolo,
599 1282 655 1322 ut
688 1275 993 1322 distraheret
1022 1275 1238 1332 hostem,
1265 1275 1466 1321 simulat
1491 1275 1661 1337 fugam

178 1365 517 1427 singulosque,
544 1370 694 1426 prout
723 1367 863 1425 sequi
888 1370 1141 1425 poterant,
1167 1363 1371 1409 adortus
1399 1369 1656 1425 exuperat.

177 1453 493 1500 Sic—rarum
529 1451 648 1497 alias
682 1451 1052 1498 decus—unius
1088 1467 1237 1496 manu
1278 1457 1420 1512 parta
1455 1454 1661 1497 victoria

177 1547 271 1598 est,
318 1557 467 1602 quam
513 1539 598 1585 ille
646 1556 760 1584 mox
809 1539 1071 1600 parricidio
1118 1538 1352 1585 foedavit.
1430 1538 1658 1584 Flentem

177 1628 333 1691 spolia
371 1631 497 1673 circa
537 1644 589 1673 se
633 1630 797 1689 sponsi
843 1627 1065 1689 quidem,
1103 1626 1190 1672 sed
1233 1626 1406 1683 hostis,
1443 1642 1657 1672 sororem

178 1717 382 1762 viderat.
459 1715 611 1761 Hunc
672 1721 774 1761 tam
819 1718 1126 1760 inmaturum
1182 1730 1400 1760 amorem
1455 1717 1659 1776 virginis

121 1813 145 1851 6
174 1804 308 1850 ultus
345 1809 422 1849 est
463 1802 606 1849 ferro.
682 1803 912 1848 Citavere
954 1801 1094 1863 leges
1130 1801 1288 1859 nefas,
1326 1800 1415 1848 sed
1452 1801 1658 1849 abstulit

176 1895 330 1938 virtus
367 1889 724 1952 parricidium,2
760 1897 812 1936 et
847 1889 1038 1935 facinus
1074 1888 1203 1934 infra
1239 1888 1450 1951 gloriam
1488 1887 1599 1936 fuit.

244 1979 351 2024 Nec
388 1978 474 2024 diu
509 1982 562 2023 in
597 1977 728 2024 fide3
764 1977 1001 2023 Albanus.
1079 1977 1207 2022 Nam
1245 1976 1489 2023 Fidenate
1526 1976 1658 2023 bello

176 2065 345 2112 missi4
404 2070 456 2111 in
503 2065 740 2111 auxilium
790 2081 850 2112 ex
900 2064 1105 2111 foedere
1154 2064 1307 2110 medii
1355 2068 1490 2111 inter
1534 2064 1657 2111 duos

124 2163 145 2199 7
175 2160 505 2216 expectavere
527 2153 793 2199 fortunam.
846 2151 946 2198 Sed
973 2169 1058 2198 rex
1086 2151 1293 2198 callidus
1313 2153 1398 2198 ubi
1417 2152 1656 2198 inclinare

177 2245 332 2289 socios
373 2241 436 2287 ad
483 2241 680 2287 hostem
719 2240 874 2297 videt,
916 2239 1050 2286 tollit
1091 2243 1298 2296 animos,
1337 2242 1476 2302 quasi
1517 2256 1656 2286 man-

234 2338 249 2362 ²
270 2338 512 2377 exercit-ata
555 2338 753 2376 Iordanis
800 2338 882 2376 cod.
931 2338 1209 2376 Emmeranus
1233 2348 1242 2376 :
1303 2336 1544 2376 exercitate
1591 2338 1654 2377 B:

179 2393 369 2432 exercita
390 2393 443 2431 N.

231 2446 246 2469 ²
275 2445 558 2498 parricidium
571 2446 766 2484 Iordanis
777 2444 858 2484 cod.
874 2445 1169 2483 Emmeramzs:
1193 2442 1456 2494 parricidam
1472 2442 1651 2485 BINL.

232 2501 248 2524 ³
277 2513 355 2538 nec
375 2499 451 2538 diu
473 2500 515 2538 in
537 2498 621 2537 fide
645 2499 676 2537 L
692 2497 742 2538 1:
775 2511 854 2537 neo
875 2497 989 2537 desit
1010 2496 1167 2537 deinde
1187 2498 1236 2538 B.

232 2554 248 2577 ⁴
277 2554 396 2592 missi
417 2555 478 2593 L:
509 2554 629 2592 misit
650 2551 790 2591 BNI.

180 2613 236 2656 16
