<?xml version="1.0" encoding="UTF-8"?>
<!DOCTYPE html PUBLIC "-//W3C//DTD XHTML 1.0 Transitional//EN"
    "http://www.w3.org/TR/xhtml1/DTD/xhtml1-transitional.dtd">
<html xmlns="http://www.w3.org/1999/xhtml" xml:lang="en" lang="en">
 <head>
  <title>
</title>
<meta http-equiv="Content-Type" content="text/html;charset=utf-8" />
  <meta name='ocr-system' content='tesseract 3.04.00' />
  <meta name='ocr-capabilities' content='ocr_page ocr_carea ocr_par ocr_line ocrx_word'/>
</head>
<body>
  <div class='ocr_page' id='page_1' title='image "./lannaeifloriquae00floruoft_0648.png"; bbox 0 0 1802 2942; ppageno 0'>
   <div class='ocr_carea' id='block_1_1' title="bbox 653 177 1316 229">
    <p class='ocr_par' dir='ltr' id='par_1_1' title="bbox 653 177 1316 229">
     <span class='ocr_line' id='line_1_1' title="bbox 653 177 1316 229; baseline -0.008 0"><span class='ocrx_word' id='word_1_1' title='bbox 653 179 1048 229; x_wconf 87' lang='lat' dir='ltr'>CORNELIUS</span> <span class='ocrx_word' id='word_1_2' title='bbox 1095 177 1316 227; x_wconf 90' lang='lat' dir='ltr'>NEPOS</span> 
     </span>
    </p>
   </div>
   <div class='ocr_carea' id='block_1_2' title="bbox 180 308 1735 2310">
    <p class='ocr_par' dir='ltr' id='par_1_2' title="bbox 180 308 1729 606">
     <span class='ocr_line' id='line_1_2' title="bbox 180 308 1728 372; baseline -0.003 -16"><span class='ocrx_word' id='word_1_3' title='bbox 180 318 206 355; x_wconf 88' lang='grc'>6</span> <span class='ocrx_word' id='word_1_4' title='bbox 232 310 401 368; x_wconf 80' lang='lat' dir='ltr'>Quare</span> <span class='ocrx_word' id='word_1_5' title='bbox 420 313 460 356; x_wconf 90' lang='lat' dir='ltr'>si</span> <span class='ocrx_word' id='word_1_6' title='bbox 481 309 603 372; x_wconf 90' lang='lat' dir='ltr'>quid</span> <span class='ocrx_word' id='word_1_7' title='bbox 621 312 780 356; x_wconf 82' lang='lat' dir='ltr'>amice</span> <span class='ocrx_word' id='word_1_8' title='bbox 799 309 864 355; x_wconf 91' lang='lat' dir='ltr'>de</span> <span class='ocrx_word' id='word_1_9' title='bbox 883 309 1121 355; x_wconf 87' lang='lat' dir='ltr'>Romanis</span> <span class='ocrx_word' id='word_1_10' title='bbox 1141 308 1404 371; x_wconf 80' lang='lat' dir='ltr'>cogitabis,</span> <span class='ocrx_word' id='word_1_11' title='bbox 1421 322 1523 353; x_wconf 92' lang='lat' dir='ltr'>non</span> <span class='ocrx_word' id='word_1_12' title='bbox 1541 308 1728 367; x_wconf 87' lang='lat' dir='ltr'>impru-</span> 
     </span>
     <span class='ocr_line' id='line_1_3' title="bbox 233 382 1726 447; baseline -0.004 -13"><span class='ocrx_word' id='word_1_13' title='bbox 233 388 415 434; x_wconf 94' lang='lat' dir='ltr'>denter</span> <span class='ocrx_word' id='word_1_14' title='bbox 451 386 647 442; x_wconf 89' lang='lat' dir='ltr'>feceris,</span> <span class='ocrx_word' id='word_1_15' title='bbox 685 390 725 433; x_wconf 94' lang='lat' dir='ltr'>si</span> <span class='ocrx_word' id='word_1_16' title='bbox 761 402 844 432; x_wconf 92' lang='lat' dir='ltr'>me</span> <span class='ocrx_word' id='word_1_17' title='bbox 881 386 1085 441; x_wconf 88' lang='lat' dir='ltr'>celaris;</span> <span class='ocrx_word' id='word_1_18' title='bbox 1140 402 1255 432; x_wconf 91' lang='lat' dir='ltr'>cum</span> <span class='ocrx_word' id='word_1_19' title='bbox 1293 384 1499 447; x_wconf 92' lang='lat' dir='ltr'>quidem</span> <span class='ocrx_word' id='word_1_20' title='bbox 1535 382 1726 429; x_wconf 91' lang='lat' dir='ltr'>bellum</span> 
     </span>
     <span class='ocr_line' id='line_1_4' title="bbox 232 463 1729 528; baseline -0.003 -17"><span class='ocrx_word' id='word_1_21' title='bbox 232 466 449 528; x_wconf 85' lang='lat' dir='ltr'>parabis,</span> <span class='ocrx_word' id='word_1_22' title='bbox 473 473 526 511; x_wconf 90' lang='lat' dir='ltr'>te</span> <span class='ocrx_word' id='word_1_23' title='bbox 550 469 715 526; x_wconf 92' lang='lat' dir='ltr'>ipsum</span> <span class='ocrx_word' id='word_1_24' title='bbox 737 463 1075 519; x_wconf 74' lang='lat' dir='ltr'>frustraberis,</span> <span class='ocrx_word' id='word_1_25' title='bbox 1099 466 1140 509; x_wconf 92' lang='lat' dir='ltr'>si</span> <span class='ocrx_word' id='word_1_26' title='bbox 1161 480 1263 509; x_wconf 93' lang='lat' dir='ltr'>non</span> <span class='ocrx_word' id='word_1_27' title='bbox 1285 479 1367 508; x_wconf 88' lang='lat' dir='ltr'>me</span> <span class='ocrx_word' id='word_1_28' title='bbox 1390 465 1442 508; x_wconf 89' lang='lat' dir='ltr'>in</span> <span class='ocrx_word' id='word_1_29' title='bbox 1466 477 1526 508; x_wconf 90' lang='lat' dir='ltr'>eo</span> <span class='ocrx_word' id='word_1_30' title='bbox 1548 464 1729 524; x_wconf 91' lang='lat' dir='ltr'>princi-</span> 
     </span>
     <span class='ocr_line' id='line_1_5' title="bbox 232 541 654 606; baseline -0.002 -17"><span class='ocrx_word' id='word_1_31' title='bbox 232 559 349 606; x_wconf 88' lang='lat' dir='ltr'>pem</span> <span class='ocrx_word' id='word_1_32' title='bbox 376 541 654 605; x_wconf 89' lang='lat' dir='ltr'>posueris.&#39;&#39;</span> 
     </span>
    </p>

    <p class='ocr_par' dir='ltr' id='par_1_3' title="bbox 233 616 1733 990">
     <span class='ocr_line' id='line_1_6' title="bbox 296 616 1731 683; baseline -0.003 -16"><span class='ocrx_word' id='word_1_33' title='bbox 296 619 345 669; x_wconf 86' lang='lat'>3.</span> <span class='ocrx_word' id='word_1_34' title='bbox 381 620 491 666; x_wconf 89' lang='lat' dir='ltr'>Hac</span> <span class='ocrx_word' id='word_1_35' title='bbox 514 624 669 683; x_wconf 85' lang='lat' dir='ltr'>igitur</span> <span class='ocrx_word' id='word_1_36' title='bbox 694 636 794 682; x_wconf 89' lang='lat' dir='ltr'>qua</span> <span class='ocrx_word' id='word_1_37' title='bbox 817 620 1033 666; x_wconf 79' lang='lat' dir='ltr'>diximus</span> <span class='ocrx_word' id='word_1_38' title='bbox 1059 625 1232 665; x_wconf 91' lang='lat' dir='ltr'>aetate</span> <span class='ocrx_word' id='word_1_39' title='bbox 1257 635 1372 664; x_wconf 89' lang='lat' dir='ltr'>cum</span> <span class='ocrx_word' id='word_1_40' title='bbox 1394 623 1541 680; x_wconf 89' lang='lat' dir='ltr'>patre</span> <span class='ocrx_word' id='word_1_41' title='bbox 1564 620 1616 663; x_wconf 88' lang='lat' dir='ltr'>in</span> <span class='ocrx_word' id='word_1_42' title='bbox 1640 616 1731 662; x_wconf 88' lang='lat' dir='ltr'>Hi-</span> 
     </span>
     <span class='ocr_line' id='line_1_7' title="bbox 234 694 1732 760; baseline -0.001 -17"><span class='ocrx_word' id='word_1_43' title='bbox 234 700 461 760; x_wconf 81' lang='lat' dir='ltr'>spaniam</span> <span class='ocrx_word' id='word_1_44' title='bbox 482 696 738 760; x_wconf 90' lang='lat' dir='ltr'>profectus</span> <span class='ocrx_word' id='word_1_45' title='bbox 763 704 857 752; x_wconf 90' lang='lat' dir='ltr'>est,</span> <span class='ocrx_word' id='word_1_46' title='bbox 879 699 1018 742; x_wconf 90' lang='lat' dir='ltr'>cuius</span> <span class='ocrx_word' id='word_1_47' title='bbox 1039 703 1153 758; x_wconf 92' lang='lat' dir='ltr'>post</span> <span class='ocrx_word' id='word_1_48' title='bbox 1177 697 1390 750; x_wconf 84' lang='lat' dir='ltr'>obitum,</span> <span class='ocrx_word' id='word_1_49' title='bbox 1412 694 1732 741; x_wconf 74' lang='lat' dir='ltr'>Hasdrubale</span> 
     </span>
     <span class='ocr_line' id='line_1_8' title="bbox 233 769 1733 835; baseline -0.001 -16"><span class='ocrx_word' id='word_1_50' title='bbox 233 776 538 835; x_wconf 79' lang='lat' dir='ltr'>imperatore</span> <span class='ocrx_word' id='word_1_51' title='bbox 579 771 806 828; x_wconf 86' lang='lat' dir='ltr'>suffecto,</span> <span class='ocrx_word' id='word_1_52' title='bbox 848 775 1099 834; x_wconf 89' lang='lat' dir='ltr'>equitatui</span> <span class='ocrx_word' id='word_1_53' title='bbox 1139 774 1275 817; x_wconf 90' lang='lat' dir='ltr'>omni</span> <span class='ocrx_word' id='word_1_54' title='bbox 1314 769 1551 833; x_wconf 81' lang='lat' dir='ltr'>praefuit.</span> <span class='ocrx_word' id='word_1_55' title='bbox 1622 770 1733 817; x_wconf 86' lang='lat' dir='ltr'>Hoc</span> 
     </span>
     <span class='ocr_line' id='line_1_9' title="bbox 235 848 1732 914; baseline -0.001 -17"><span class='ocrx_word' id='word_1_56' title='bbox 235 867 436 914; x_wconf 90' lang='lat' dir='ltr'>quoque</span> <span class='ocrx_word' id='word_1_57' title='bbox 484 849 774 906; x_wconf 87' lang='lat' dir='ltr'>interfecto,</span> <span class='ocrx_word' id='word_1_58' title='bbox 824 852 1074 896; x_wconf 80' lang='lat' dir='ltr'>exercitus</span> <span class='ocrx_word' id='word_1_59' title='bbox 1124 865 1373 895; x_wconf 90' lang='lat' dir='ltr'>summam</span> <span class='ocrx_word' id='word_1_60' title='bbox 1421 851 1618 910; x_wconf 87' lang='lat' dir='ltr'>imperii</span> <span class='ocrx_word' id='word_1_61' title='bbox 1667 848 1732 896; x_wconf 91' lang='lat' dir='ltr'>ad</span> 
     </span>
     <span class='ocr_line' id='line_1_10' title="bbox 236 925 1732 990; baseline -0.002 -15"><span class='ocrx_word' id='word_1_62' title='bbox 236 945 353 975; x_wconf 88' lang='lat' dir='ltr'>eum</span> <span class='ocrx_word' id='word_1_63' title='bbox 378 928 579 975; x_wconf 90' lang='lat' dir='ltr'>detulit.</span> <span class='ocrx_word' id='word_1_64' title='bbox 634 927 694 974; x_wconf 94' lang='lat' dir='ltr'>Id</span> <span class='ocrx_word' id='word_1_65' title='bbox 723 926 1094 990; x_wconf 85' lang='lat' dir='ltr'>Karthaginem</span> <span class='ocrx_word' id='word_1_66' title='bbox 1119 926 1347 973; x_wconf 91' lang='lat' dir='ltr'>delatum</span> <span class='ocrx_word' id='word_1_67' title='bbox 1371 925 1572 988; x_wconf 91' lang='lat' dir='ltr'>publice</span> <span class='ocrx_word' id='word_1_68' title='bbox 1598 943 1732 972; x_wconf 93' lang='lat' dir='ltr'>com-</span> 
     </span>
    </p>

    <p class='ocr_par' dir='ltr' id='par_1_4' title="bbox 185 1002 1732 1301">
     <span class='ocr_line' id='line_1_11' title="bbox 185 1002 1730 1069; baseline 0.001 -19"><span class='ocrx_word' id='word_1_69' title='bbox 185 1011 210 1050; x_wconf 89' lang='grc'>2</span> <span class='ocrx_word' id='word_1_70' title='bbox 235 1007 507 1069; x_wconf 91' lang='lat' dir='ltr'>probatum</span> <span class='ocrx_word' id='word_1_71' title='bbox 547 1013 640 1052; x_wconf 86' lang='lat' dir='ltr'>est..</span> <span class='ocrx_word' id='word_1_72' title='bbox 711 1004 790 1051; x_wconf 88' lang='lat' dir='ltr'>Sic</span> <span class='ocrx_word' id='word_1_73' title='bbox 816 1004 1073 1051; x_wconf 87' lang='lat' dir='ltr'>Hannibal</span> <span class='ocrx_word' id='word_1_74' title='bbox 1110 1007 1273 1051; x_wconf 89' lang='lat' dir='ltr'>minor</span> <span class='ocrx_word' id='word_1_75' title='bbox 1302 1002 1347 1048; x_wconf 91' lang='lat' dir='ltr'>V</span> <span class='ocrx_word' id='word_1_76' title='bbox 1378 1010 1432 1050; x_wconf 89' lang='lat' dir='ltr'>et</span> <span class='ocrx_word' id='word_1_77' title='bbox 1461 1002 1559 1049; x_wconf 92' lang='lat' dir='ltr'>XX</span> <span class='ocrx_word' id='word_1_78' title='bbox 1588 1007 1730 1051; x_wconf 89' lang='lat' dir='ltr'>annis</span> 
     </span>
     <span class='ocr_line' id='line_1_12' title="bbox 234 1081 1732 1145; baseline -0.001 -15"><span class='ocrx_word' id='word_1_79' title='bbox 234 1090 383 1130; x_wconf 88' lang='lat' dir='ltr'>natus</span> <span class='ocrx_word' id='word_1_80' title='bbox 399 1087 675 1144; x_wconf 83' lang='lat' dir='ltr'>imperator</span> <span class='ocrx_word' id='word_1_81' title='bbox 688 1081 870 1138; x_wconf 87' lang='lat' dir='ltr'>factus,</span> <span class='ocrx_word' id='word_1_82' title='bbox 884 1085 1113 1145; x_wconf 84' lang='lat' dir='ltr'>proximo</span> <span class='ocrx_word' id='word_1_83' title='bbox 1128 1083 1345 1128; x_wconf 87' lang='lat' dir='ltr'>triennio</span> <span class='ocrx_word' id='word_1_84' title='bbox 1361 1097 1534 1127; x_wconf 88' lang='lat' dir='ltr'>omnes</span> <span class='ocrx_word' id='word_1_85' title='bbox 1549 1088 1732 1144; x_wconf 86' lang='lat' dir='ltr'>gentes</span> 
     </span>
     <span class='ocr_line' id='line_1_13' title="bbox 236 1157 1731 1223; baseline -0.001 -16"><span class='ocrx_word' id='word_1_86' title='bbox 236 1161 512 1223; x_wconf 88' lang='lat' dir='ltr'>Hispaniae</span> <span class='ocrx_word' id='word_1_87' title='bbox 580 1160 712 1207; x_wconf 91' lang='lat' dir='ltr'>bello</span> <span class='ocrx_word' id='word_1_88' title='bbox 779 1161 1000 1223; x_wconf 84' lang='lat' dir='ltr'>subegit,</span> <span class='ocrx_word' id='word_1_89' title='bbox 1049 1159 1351 1223; x_wconf 86' lang='lat' dir='ltr'>Saguntum,</span> <span class='ocrx_word' id='word_1_90' title='bbox 1414 1157 1731 1206; x_wconf 86' lang='lat' dir='ltr'>foederatam</span> 
     </span>
     <span class='ocr_line' id='line_1_14' title="bbox 235 1239 1732 1301; baseline -0.001 -16"><span class='ocrx_word' id='word_1_91' title='bbox 235 1242 513 1294; x_wconf 82' lang='lat' dir='ltr'>civitatem,</span> <span class='ocrx_word' id='word_1_92' title='bbox 562 1241 607 1284; x_wconf 85' lang='lat' dir='ltr'>vi</span> <span class='ocrx_word' id='word_1_93' title='bbox 657 1241 987 1301; x_wconf 67' lang='lat' dir='ltr'>expugnavit,</span> <span class='ocrx_word' id='word_1_94' title='bbox 1034 1244 1138 1284; x_wconf 89' lang='lat' dir='ltr'>tres</span> <span class='ocrx_word' id='word_1_95' title='bbox 1187 1239 1438 1283; x_wconf 81' lang='lat' dir='ltr'>exercitus</span> <span class='ocrx_word' id='word_1_96' title='bbox 1485 1240 1732 1284; x_wconf 85' lang='lat' dir='ltr'>maximos</span> 
     </span>
    </p>

    <p class='ocr_par' dir='ltr' id='par_1_5' title="bbox 182 1313 1734 1673">
     <span class='ocr_line' id='line_1_15' title="bbox 182 1313 1733 1378; baseline -0.001 -16"><span class='ocrx_word' id='word_1_97' title='bbox 182 1323 208 1363; x_wconf 88' lang='lat'><strong>3</strong></span> <span class='ocrx_word' id='word_1_98' title='bbox 232 1319 557 1378; x_wconf 87' lang='lat' dir='ltr'>comparavit.</span> <span class='ocrx_word' id='word_1_99' title='bbox 627 1316 706 1362; x_wconf 85' lang='lat' dir='ltr'>Ex</span> <span class='ocrx_word' id='word_1_100' title='bbox 730 1315 805 1361; x_wconf 90' lang='lat' dir='ltr'>his</span> <span class='ocrx_word' id='word_1_101' title='bbox 830 1332 988 1361; x_wconf 89' lang='lat' dir='ltr'>unum</span> <span class='ocrx_word' id='word_1_102' title='bbox 1011 1318 1059 1360; x_wconf 93' lang='lat' dir='ltr'>in</span> <span class='ocrx_word' id='word_1_103' title='bbox 1087 1313 1312 1361; x_wconf 86' lang='lat' dir='ltr'>Africam</span> <span class='ocrx_word' id='word_1_104' title='bbox 1336 1317 1491 1370; x_wconf 90' lang='lat' dir='ltr'>misit,</span> <span class='ocrx_word' id='word_1_105' title='bbox 1515 1313 1733 1361; x_wconf 90' lang='lat' dir='ltr'>alterum</span> 
     </span>
     <span class='ocr_line' id='line_1_16' title="bbox 236 1391 1733 1455; baseline -0.001 -15"><span class='ocrx_word' id='word_1_106' title='bbox 236 1410 350 1441; x_wconf 91' lang='lat' dir='ltr'>cum</span> <span class='ocrx_word' id='word_1_107' title='bbox 384 1393 703 1440; x_wconf 88' lang='lat' dir='ltr'>Hasdrubale</span> <span class='ocrx_word' id='word_1_108' title='bbox 736 1392 893 1440; x_wconf 90' lang='lat' dir='ltr'>fratre</span> <span class='ocrx_word' id='word_1_109' title='bbox 925 1396 977 1439; x_wconf 92' lang='lat' dir='ltr'>in</span> <span class='ocrx_word' id='word_1_110' title='bbox 1002 1393 1249 1455; x_wconf 88' lang='lat' dir='ltr'>Hispania</span> <span class='ocrx_word' id='word_1_111' title='bbox 1279 1391 1501 1454; x_wconf 90' lang='lat' dir='ltr'>reliquit,</span> <span class='ocrx_word' id='word_1_112' title='bbox 1521 1395 1733 1439; x_wconf 90' lang='lat' dir='ltr'>tertium</span> 
     </span>
     <span class='ocr_line' id='line_1_17' title="bbox 235 1469 1734 1533; baseline 0 -15"><span class='ocrx_word' id='word_1_113' title='bbox 235 1474 286 1518; x_wconf 91' lang='lat' dir='ltr'>in</span> <span class='ocrx_word' id='word_1_114' title='bbox 308 1471 509 1518; x_wconf 87' lang='lat' dir='ltr'>Italiam</span> <span class='ocrx_word' id='word_1_115' title='bbox 528 1488 700 1518; x_wconf 89' lang='lat' dir='ltr'>secum</span> <span class='ocrx_word' id='word_1_116' title='bbox 719 1471 880 1518; x_wconf 83' lang='lat' dir='ltr'>duxit.</span> <span class='ocrx_word' id='word_1_117' title='bbox 951 1469 1147 1517; x_wconf 79' lang='lat' dir='ltr'>Saltum</span> <span class='ocrx_word' id='word_1_118' title='bbox 1167 1470 1486 1533; x_wconf 89' lang='lat' dir='ltr'>Pyrenaeum</span> <span class='ocrx_word' id='word_1_119' title='bbox 1504 1473 1734 1527; x_wconf 83' lang='lat' dir='ltr'>transiit3</span> 
     </span>
     <span class='ocr_line' id='line_1_18' title="bbox 237 1547 1734 1612; baseline 0.001 -17"><span class='ocrx_word' id='word_1_120' title='bbox 237 1565 555 1612; x_wconf 89' lang='lat' dir='ltr'>quacumque</span> <span class='ocrx_word' id='word_1_121' title='bbox 585 1552 684 1595; x_wconf 86' lang='lat' dir='ltr'>iter</span> <span class='ocrx_word' id='word_1_122' title='bbox 713 1547 852 1604; x_wconf 88' lang='lat' dir='ltr'>fecit,</span> <span class='ocrx_word' id='word_1_123' title='bbox 883 1565 998 1595; x_wconf 92' lang='lat' dir='ltr'>cum</span> <span class='ocrx_word' id='word_1_124' title='bbox 1028 1549 1259 1594; x_wconf 91' lang='lat' dir='ltr'>omnibus</span> <span class='ocrx_word' id='word_1_125' title='bbox 1288 1547 1460 1594; x_wconf 90' lang='lat' dir='ltr'>incolis</span> <span class='ocrx_word' id='word_1_126' title='bbox 1490 1547 1734 1605; x_wconf 82' lang='lat' dir='ltr'>conflixit,</span> 
     </span>
     <span class='ocr_line' id='line_1_19' title="bbox 236 1626 1063 1673; baseline -0.001 -1"><span class='ocrx_word' id='word_1_127' title='bbox 236 1630 493 1672; x_wconf 86' lang='lat' dir='ltr'>neminem</span> <span class='ocrx_word' id='word_1_128' title='bbox 520 1629 614 1672; x_wconf 87' lang='lat' dir='ltr'>nisi</span> <span class='ocrx_word' id='word_1_129' title='bbox 643 1629 831 1672; x_wconf 86' lang='lat' dir='ltr'>victum</span> <span class='ocrx_word' id='word_1_130' title='bbox 859 1626 1063 1673; x_wconf 76' lang='lat' dir='ltr'>dimisit.</span> 
     </span>
    </p>

    <p class='ocr_par' dir='ltr' id='par_1_6' title="bbox 182 1703 1735 2310">
     <span class='ocr_line' id='line_1_20' title="bbox 182 1703 1735 1767; baseline 0.001 -19"><span class='ocrx_word' id='word_1_131' title='bbox 182 1710 211 1748; x_wconf 90' lang='lat'>4</span> <span class='ocrx_word' id='word_1_132' title='bbox 298 1705 382 1751; x_wconf 85' lang='lat' dir='ltr'>Ad</span> <span class='ocrx_word' id='word_1_133' title='bbox 400 1704 557 1766; x_wconf 86' lang='lat' dir='ltr'>Alpes</span> <span class='ocrx_word' id='word_1_134' title='bbox 577 1711 912 1767; x_wconf 86' lang='lat' dir='ltr'>posteaquam</span> <span class='ocrx_word' id='word_1_135' title='bbox 932 1707 1089 1760; x_wconf 86' lang='lat' dir='ltr'>venit,</span> <span class='ocrx_word' id='word_1_136' title='bbox 1110 1719 1242 1766; x_wconf 86' lang='lat' dir='ltr'>quae</span> <span class='ocrx_word' id='word_1_137' title='bbox 1263 1703 1466 1750; x_wconf 89' lang='lat' dir='ltr'>Italiam</span> <span class='ocrx_word' id='word_1_138' title='bbox 1486 1704 1550 1750; x_wconf 91' lang='lat' dir='ltr'>ab</span> <span class='ocrx_word' id='word_1_139' title='bbox 1571 1703 1735 1751; x_wconf 83' lang='lat' dir='ltr'>Gallia</span> 
     </span>
     <span class='ocr_line' id='line_1_21' title="bbox 237 1784 1735 1845; baseline 0 -17"><span class='ocrx_word' id='word_1_140' title='bbox 237 1786 530 1845; x_wconf 88' lang='lat' dir='ltr'>seiungunt,</span> <span class='ocrx_word' id='word_1_141' title='bbox 545 1798 670 1844; x_wconf 88' lang='lat' dir='ltr'>quas</span> <span class='ocrx_word' id='word_1_142' title='bbox 684 1798 834 1828; x_wconf 90' lang='lat' dir='ltr'>nemo</span> <span class='ocrx_word' id='word_1_143' title='bbox 850 1798 1093 1844; x_wconf 88' lang='lat' dir='ltr'>umquam</span> <span class='ocrx_word' id='word_1_144' title='bbox 1106 1798 1221 1828; x_wconf 90' lang='lat' dir='ltr'>cum</span> <span class='ocrx_word' id='word_1_145' title='bbox 1237 1784 1464 1828; x_wconf 86' lang='lat' dir='ltr'>exercitu</span> <span class='ocrx_word' id='word_1_146' title='bbox 1480 1789 1600 1828; x_wconf 88' lang='lat' dir='ltr'>ante</span> <span class='ocrx_word' id='word_1_147' title='bbox 1617 1798 1735 1828; x_wconf 91' lang='lat' dir='ltr'>eum</span> 
     </span>
     <span class='ocr_line' id='line_1_22' title="bbox 235 1857 1734 1922; baseline 0.001 -16"><span class='ocrx_word' id='word_1_148' title='bbox 235 1867 440 1922; x_wconf 86' lang='lat' dir='ltr'>praeter</span> <span class='ocrx_word' id='word_1_149' title='bbox 480 1859 752 1905; x_wconf 88' lang='lat' dir='ltr'>Herculem</span> <span class='ocrx_word' id='word_1_150' title='bbox 794 1858 1003 1905; x_wconf 87' lang='lat' dir='ltr'>Graium</span> <span class='ocrx_word' id='word_1_151' title='bbox 1042 1862 1480 1921; x_wconf 90' lang='lat' dir='ltr'>transierat—quo</span> <span class='ocrx_word' id='word_1_152' title='bbox 1520 1857 1656 1906; x_wconf 91' lang='lat' dir='ltr'>facto</span> <span class='ocrx_word' id='word_1_153' title='bbox 1692 1863 1734 1907; x_wconf 89' lang='lat' dir='ltr'>is</span> 
     </span>
     <span class='ocr_line' id='line_1_23' title="bbox 236 1936 1733 1999; baseline 0.001 -16"><span class='ocrx_word' id='word_1_154' title='bbox 236 1936 386 1984; x_wconf 87' lang='lat' dir='ltr'>hodie</span> <span class='ocrx_word' id='word_1_155' title='bbox 439 1937 595 1984; x_wconf 89' lang='lat' dir='ltr'>saltus</span> <span class='ocrx_word' id='word_1_156' title='bbox 650 1937 830 1983; x_wconf 88' lang='lat' dir='ltr'>Graius</span> <span class='ocrx_word' id='word_1_157' title='bbox 884 1936 1438 1999; x_wconf 88' lang='lat' dir='ltr'>appellatur—Alpicos</span> <span class='ocrx_word' id='word_1_158' title='bbox 1491 1944 1733 1984; x_wconf 90' lang='lat' dir='ltr'>conantes</span> 
     </span>
     <span class='ocr_line' id='line_1_24' title="bbox 237 2012 1734 2077; baseline 0.001 -17"><span class='ocrx_word' id='word_1_159' title='bbox 237 2014 504 2077; x_wconf 88' lang='lat' dir='ltr'>prohibere</span> <span class='ocrx_word' id='word_1_160' title='bbox 549 2018 767 2061; x_wconf 87' lang='lat' dir='ltr'>transitu</span> <span class='ocrx_word' id='word_1_161' title='bbox 811 2015 1046 2070; x_wconf 80' lang='lat' dir='ltr'>concidit,</span> <span class='ocrx_word' id='word_1_162' title='bbox 1090 2014 1200 2061; x_wconf 92' lang='lat' dir='ltr'>loca</span> <span class='ocrx_word' id='word_1_163' title='bbox 1242 2012 1506 2077; x_wconf 86' lang='lat' dir='ltr'>patefecit,</span> <span class='ocrx_word' id='word_1_164' title='bbox 1550 2017 1734 2062; x_wconf 85' lang='lat' dir='ltr'>itinera</span> 
     </span>
     <span class='ocr_line' id='line_1_25' title="bbox 237 2091 1734 2154; baseline 0.001 -16"><span class='ocrx_word' id='word_1_165' title='bbox 237 2095 437 2147; x_wconf 88' lang='lat' dir='ltr'>muniit,</span> <span class='ocrx_word' id='word_1_166' title='bbox 476 2091 642 2138; x_wconf 89' lang='lat' dir='ltr'>effecit</span> <span class='ocrx_word' id='word_1_167' title='bbox 678 2099 737 2138; x_wconf 92' lang='lat' dir='ltr'>ut</span> <span class='ocrx_word' id='word_1_168' title='bbox 775 2108 835 2138; x_wconf 92' lang='lat' dir='ltr'>ea</span> <span class='ocrx_word' id='word_1_169' title='bbox 872 2091 1172 2154; x_wconf 86' lang='lat' dir='ltr'>elephantus</span> <span class='ocrx_word' id='word_1_170' title='bbox 1210 2098 1416 2138; x_wconf 88' lang='lat' dir='ltr'>ornatus</span> <span class='ocrx_word' id='word_1_171' title='bbox 1452 2094 1525 2138; x_wconf 89' lang='lat' dir='ltr'>ire</span> <span class='ocrx_word' id='word_1_172' title='bbox 1560 2099 1734 2154; x_wconf 87' lang='lat' dir='ltr'>posset</span> 
     </span>
     <span class='ocr_line' id='line_1_26' title="bbox 234 2168 1731 2233; baseline 0.001 -18"><span class='ocrx_word' id='word_1_173' title='bbox 234 2186 335 2232; x_wconf 90' lang='lat' dir='ltr'>qua</span> <span class='ocrx_word' id='word_1_174' title='bbox 376 2177 528 2216; x_wconf 89' lang='lat' dir='ltr'>antea</span> <span class='ocrx_word' id='word_1_175' title='bbox 568 2186 696 2216; x_wconf 91' lang='lat' dir='ltr'>unus</span> <span class='ocrx_word' id='word_1_176' title='bbox 736 2168 886 2216; x_wconf 91' lang='lat' dir='ltr'>homo</span> <span class='ocrx_word' id='word_1_177' title='bbox 926 2172 1129 2216; x_wconf 88' lang='lat' dir='ltr'>inermis</span> <span class='ocrx_word' id='word_1_178' title='bbox 1170 2172 1253 2215; x_wconf 86' lang='lat' dir='ltr'>vix</span> <span class='ocrx_word' id='word_1_179' title='bbox 1291 2176 1498 2231; x_wconf 89' lang='lat' dir='ltr'>poterat</span> <span class='ocrx_word' id='word_1_180' title='bbox 1535 2185 1731 2233; x_wconf 88' lang='lat' dir='ltr'>repere.</span> 
     </span>
     <span class='ocr_line' id='line_1_27' title="bbox 239 2246 1454 2310; baseline 0 -17"><span class='ocrx_word' id='word_1_181' title='bbox 239 2247 349 2293; x_wconf 91' lang='lat' dir='ltr'>Hac</span> <span class='ocrx_word' id='word_1_182' title='bbox 369 2250 536 2309; x_wconf 91' lang='lat' dir='ltr'>copias</span> <span class='ocrx_word' id='word_1_183' title='bbox 557 2247 787 2294; x_wconf 84' lang='lat' dir='ltr'>traduxit</span> <span class='ocrx_word' id='word_1_184' title='bbox 808 2250 859 2293; x_wconf 91' lang='lat' dir='ltr'>in</span> <span class='ocrx_word' id='word_1_185' title='bbox 881 2246 1186 2310; x_wconf 89' lang='lat' dir='ltr'>Italiamque</span> <span class='ocrx_word' id='word_1_186' title='bbox 1206 2249 1454 2309; x_wconf 87' lang='lat' dir='ltr'>pervenit.</span> 
     </span>
    </p>
   </div>
   <div class='ocr_carea' id='block_1_3' title="bbox 243 2364 389 2370">
    <p class='ocr_par' dir='ltr' id='par_1_7' title="bbox 243 2364 389 2370">
     <span class='ocr_line' id='line_1_28' title="bbox 243 2364 389 2370; baseline 0 0"><span class='ocrx_word' id='word_1_187' title='bbox 243 2364 389 2370; x_wconf 95' lang='lat' dir='ltr'> </span> 
     </span>
    </p>
   </div>
   <div class='ocr_carea' id='block_1_4' title="bbox 241 2428 1730 2575">
    <p class='ocr_par' dir='ltr' id='par_1_8' title="bbox 241 2428 1730 2575">
     <span class='ocr_line' id='line_1_29' title="bbox 301 2428 1061 2479; baseline 0.001 -14"><span class='ocrx_word' id='word_1_188' title='bbox 301 2428 317 2453; x_wconf 87' lang='lat'>1</span> <span class='ocrx_word' id='word_1_189' title='bbox 348 2428 399 2466; x_wconf 92' lang='lat' dir='ltr'>In</span> <span class='ocrx_word' id='word_1_190' title='bbox 421 2428 589 2479; x_wconf 85' lang='lat' dir='ltr'>reality‚</span> <span class='ocrx_word' id='word_1_191' title='bbox 611 2428 665 2467; x_wconf 87' lang='lat' dir='ltr'>he</span> <span class='ocrx_word' id='word_1_192' title='bbox 686 2441 773 2467; x_wconf 82' lang='lat' dir='ltr'>was</span> <span class='ocrx_word' id='word_1_193' title='bbox 795 2429 1061 2479; x_wconf 65' lang='lat' dir='ltr'>twenty-siit.</span> 
     </span>
     <span class='ocr_line' id='line_1_30' title="bbox 298 2481 1730 2533; baseline 0.002 -13"><span class='ocrx_word' id='word_1_194' title='bbox 298 2481 314 2506; x_wconf 64' lang='grc' dir='ltr'><strong>Ξ</strong></span> <span class='ocrx_word' id='word_1_195' title='bbox 344 2481 433 2520; x_wconf 87' lang='lat' dir='ltr'>The</span> <span class='ocrx_word' id='word_1_196' title='bbox 459 2483 595 2532; x_wconf 84' lang='lat' dir='ltr'>origin</span> <span class='ocrx_word' id='word_1_197' title='bbox 620 2482 664 2521; x_wconf 87' lang='lat' dir='ltr'>of</span> <span class='ocrx_word' id='word_1_198' title='bbox 688 2482 763 2520; x_wconf 79' lang='lat' dir='ltr'>the</span> <span class='ocrx_word' id='word_1_199' title='bbox 788 2495 915 2521; x_wconf 85' lang='lat' dir='ltr'>name</span> <span class='ocrx_word' id='word_1_200' title='bbox 938 2483 975 2522; x_wconf 84' lang='lat' dir='ltr'>is</span> <span class='ocrx_word' id='word_1_201' title='bbox 1000 2482 1247 2529; x_wconf 79' lang='lat' dir='ltr'>uncertain3</span> <span class='ocrx_word' id='word_1_202' title='bbox 1287 2482 1325 2521; x_wconf 78' lang='lat' dir='ltr'>it</span> <span class='ocrx_word' id='word_1_203' title='bbox 1349 2494 1452 2533; x_wconf 86' lang='lat' dir='ltr'>may</span> <span class='ocrx_word' id='word_1_204' title='bbox 1475 2494 1596 2522; x_wconf 83' lang='lat' dir='ltr'>come</span> <span class='ocrx_word' id='word_1_205' title='bbox 1620 2482 1730 2523; x_wconf 79' lang='lat' dir='ltr'>from</span> 
     </span>
     <span class='ocr_line' id='line_1_31' title="bbox 241 2535 745 2575; baseline 0 -1"><span class='ocrx_word' id='word_1_206' title='bbox 241 2548 359 2575; x_wconf 82' lang='lat' dir='ltr'>some</span> <span class='ocrx_word' id='word_1_207' title='bbox 382 2535 601 2575; x_wconf 86' lang='lat' dir='ltr'>unknown</span> <span class='ocrx_word' id='word_1_208' title='bbox 621 2535 745 2575; x_wconf 85' lang='lat' dir='ltr'>tribe.</span> 
     </span>
    </p>
   </div>
   <div class='ocr_carea' id='block_1_5' title="bbox 234 2614 326 2662">
    <p class='ocr_par' dir='ltr' id='par_1_9' title="bbox 234 2614 326 2662">
     <span class='ocr_line' id='line_1_32' title="bbox 234 2614 326 2662; baseline -0.043 -1"><span class='ocrx_word' id='word_1_209' title='bbox 234 2614 326 2662; x_wconf 83' lang='lat'>628</span> 
     </span>
    </p>
   </div>
  </div>
 </body>
</html>
