1802 2942
639 140 1034 191 CORNELIUS
1081 140 1302 189 NEPOS

221 274 286 321 ad
317 271 609 319 exeundum
650 277 988 333 premeretur,
1017 276 1077 316 ut
1107 272 1149 316 si
1180 269 1245 316 de
1276 272 1420 316 exitu
1448 269 1717 326 divinaret,

221 343 360 389 exire
406 337 610 385 noluit.1
686 337 850 393 Idem,
896 353 1013 383 cum
1058 337 1437 398 Epaminondas
1480 335 1716 399 Spartam

222 413 544 471 oppugnaret
578 412 816 467 essetque
850 407 958 451 sine
990 407 1145 450 muris
1178 404 1439 466 oppidum,
1470 404 1629 450 talem
1661 420 1717 450 se

221 480 583 537 imperatorem
640 472 896 534 praebuit,
954 477 1016 518 ut
1075 487 1135 517 eo
1193 478 1426 533 tempore
1484 471 1718 517 omnibus

222 544 534 605 apparuerit,
568 541 662 585 nisi
698 538 782 584 ille
826 537 1024 593 fuisset,
1068 536 1306 600 Spartam
1347 536 1574 584 futuram
1615 555 1718 584 non

171 617 196 656 2
220 609 391 656 fuisse.
461 607 522 654 In
574 623 674 669 quo
727 605 935 668 quidem
986 605 1273 652 discrimine
1324 605 1558 652 celeritas
1610 608 1718 651 eius

222 676 413 724 consilii
467 673 619 721 saluti
674 672 773 719 fuit
826 675 1087 719 universis.
1154 672 1287 718 Nam
1341 689 1458 718 cum
1511 672 1719 734 quidam

223 741 608 795 adulescentuli,
645 739 869 786 hostium
908 739 1133 786 adventu
1170 742 1447 801 perterriti,
1486 740 1552 786 ad
1587 738 1719 785 The-

222 813 381 858 banos
427 807 750 870 transfugere
796 806 988 853 vellent
1035 813 1090 853 et
1133 805 1300 853 locum
1348 813 1496 853 extra
1539 806 1720 852 urbem

224 879 421 925 editum
464 878 737 937 cepissent,
781 873 1068 937 Agesilaus,
1113 877 1200 936 qui
1243 876 1721 936 perniciosissimum

224 945 332 992 fore
370 943 569 990 videret
606 944 648 988 si
686 941 1093 987 animadversum
1131 948 1269 987 esset
1307 957 1616 1003 quemquam
1654 940 1720 987 ad

223 1013 382 1059 hostis
415 1008 738 1072 transfugere
771 1011 958 1064 conari,
992 1025 1107 1054 cum
1140 1011 1242 1054 suis
1277 1024 1337 1054 eo
1371 1011 1512 1054 venit
1545 1015 1720 1070 atque,

225 1087 285 1127 ut
306 1082 347 1125 si
368 1079 501 1124 bono
526 1079 692 1123 animo
714 1074 974 1131 fecissent,
994 1075 1223 1122 laudavit
1243 1075 1506 1121 consilium
1528 1091 1720 1130 eorum,

226 1146 363 1209 quod
397 1162 515 1191 eum
547 1143 714 1189 locum
747 1150 1109 1204 occupassent3
1160 1158 1215 1189 se
1249 1158 1453 1205 quoque
1485 1142 1578 1189 id2
1612 1141 1721 1188 fieri

175 1223 199 1262 3
223 1215 413 1261 debere
464 1210 897 1257 animadvertisse.
965 1208 1046 1256 Sic
1095 1209 1435 1256 adulescentis
1484 1209 1722 1256 simulata

224 1281 519 1327 laudatione
536 1280 856 1339 recuperavit
875 1283 946 1332 et,
965 1277 1215 1323 adiunctis
1234 1277 1298 1323 de
1317 1280 1417 1323 suis
1435 1277 1722 1332 comitibus,

224 1348 392 1395 locum
423 1353 596 1393 tutum
625 1344 848 1406 reliquit.
916 1343 1151 1406 Namque
1181 1343 1270 1399 illi,
1303 1343 1486 1390 aucto3
1511 1360 1723 1390 numero

232 1431 407 1462 eorum
432 1416 519 1476 qui
543 1418 782 1474 expertes
808 1418 955 1457 erant
977 1411 1183 1472 consilii,
1197 1427 1514 1457 commovere
1538 1427 1592 1457 se
1621 1427 1723 1457 non

227 1489 348 1530 sunt
376 1483 484 1527 ausi
513 1495 676 1541 eoque
703 1478 963 1534 libentius,
991 1478 1128 1542 quod
1152 1477 1316 1525 latere
1346 1479 1724 1525 arbitrabantur

229 1565 361 1613 quae
384 1550 752 1610 cogitaverant.

275 1615 321 1666 ’7.
364 1614 482 1661 Sine
519 1614 673 1661 dubio
712 1619 829 1675 post
861 1611 1183 1659 Leuctricam
1210 1629 1437 1675 pugnam
1467 1611 1725 1658 Lacedae-

228 1685 384 1729 monii
440 1698 494 1728 se
550 1696 830 1742 numquam
883 1678 1177 1726 refecerunt
1231 1696 1400 1742 neque
1454 1682 1724 1742 pristinum

229 1752 498 1812 imperium
558 1754 942 1809 recuperarunt,
1003 1764 1119 1793 cum
1179 1749 1385 1792 interim
1445 1762 1724 1809 numquam

230 1816 498 1880 Agesilaus
515 1815 717 1861 destitit
733 1814 1135 1876 quibuscumque
1150 1815 1301 1860 rebus
1319 1820 1493 1875 posset
1506 1816 1725 1876 patriam

179 1892 204 1930 2
227 1888 415 1930 iuvare.
485 1881 617 1927 Nam
667 1898 782 1927 cum
832 1884 1104 1943 praecipue
1156 1880 1549 1927 Lacedaemonii
1598 1881 1726 1927 indi-

230 1957 415 2015 gerent
445 1952 679 2011 pecunia,
711 1948 796 1994 ille
828 1949 1060 1994 omnibus
1094 1951 1181 2011 qui
1214 1964 1244 1994 a
1274 1964 1397 2011 rege
1430 1946 1727 1994 defecerant

292 2101 309 2125 ²
337 2101 454 2139 exire
487 2100 644 2146 noluit,
681 2099 839 2145 MSS.;
872 2099 1169 2139 valetudinem
1197 2100 1439 2146 excusavit,
1467 2099 1621 2146 Halm;
1657 2112 1725 2140 ex,

235 2158 519 2200 senectutem,
558 2153 703 2198 FZeck3
760 2157 982 2204 aegrotare
1024 2166 1069 2192 se
1111 2152 1240 2192 finxit
1286 2158 1331 2192 et
1378 2153 1508 2204 before
1555 2166 1654 2193 cum
1701 2166 1727 2192 a.

230 2209 458 2261 plerisque,
488 2207 695 2258 suffe-stad
724 2207 774 2257 by
802 2206 1126 2254 Radermachem
1158 2209 1274 2247 exire
1303 2207 1446 2247 noluit
1475 2207 1605 2254 idem,
1627 2221 1726 2247 cum

231 2293 241 2303 .
290 2293 298 2302 .
350 2292 360 2301 .
409 2266 559 2301 tamen
607 2261 742 2300 talem
791 2260 964 2312 (addinq
1010 2263 1229 2301 recusavit
1275 2261 1379 2313 after
1425 2264 1725 2314 premeretur),

237 2317 312 2356 Wa
338 2328 423 2354 ner.

294 2329 383 2407 ²9et
412 2381 455 2407 se
484 2367 529 2406 id
558 2379 745 2418 quoque,
767 2367 917 2416 MSS.;
947 2371 1007 2416 et,
1027 2367 1192 2409 omitted
1211 2367 1261 2419 by
1283 2367 1522 2416 Andresem
1553 2379 1726 2420 quoque

232 2427 308 2474 put
326 2422 431 2473 after
449 2422 495 2460 id
515 2423 560 2460 in
581 2421 641 2461 ed.
673 2421 900 2472 Vulpiana.

295 2477 311 2500 ³
340 2477 475 2522 aucti,
497 2475 666 2516 Rosius.

238 2572 329 2635 568
