1802 2942
637 154 1031 205 CORNELIUS
1077 153 1298 202 NEPOS

167 295 193 334 4
216 304 333 334 nam
355 289 549 349 paritur
570 301 671 347 pax
692 283 842 331 bello.
911 282 1095 345 Itaque
1119 284 1205 345 qui
1228 298 1290 328 ea
1311 281 1509 329 diutina
1529 279 1706 327 volunt

217 359 333 414 frui,
367 359 499 405 bello
537 359 803 404 exercitati
838 372 948 402 esse
983 356 1192 403 debent.
1259 354 1375 413 Qua
1407 370 1464 400 re
1498 356 1539 400 si
1573 357 1709 416 prin-

217 436 353 495 cipes
379 432 622 478 Graeciae
647 430 797 476 vultis
822 445 950 485 csse,
974 431 1149 475 castris
1175 435 1254 475 est
1277 429 1416 475 vobis
1439 426 1709 484 utendum,

219 523 320 553 non
342 503 650 568 palaestra.''

167 591 192 628 5
281 581 426 627 Idem
474 579 557 625 ille
610 578 923 626 Meneclides
971 594 1087 625 cum
1134 576 1251 624 huic
1298 577 1526 624 obiceret
1572 575 1709 639 quod

217 654 400 701 liberos
439 670 540 699 non
577 652 792 699 haberet
829 668 997 715 neque
1035 668 1246 698 uxorem
1284 651 1531 707 duxisset,
1567 666 1709 696 max-

217 731 420 790 imeque
460 727 799 781 insolentiam,
839 726 976 788 quod
1015 726 1109 772 sibi
1149 726 1548 788 Agamemnonis
1587 723 1708 770 belli

216 801 427 864 gloriam
475 800 733 846 videretur
780 805 1108 845 consecutus:
1175 805 1229 845 at
1274 797 1360 844 ille
1409 797 1437 814 “
1461 796 1707 853 Desine,'’

216 878 399 937 inquit,
423 873 449 889 ‘⁶
476 872 784 927 Meneclida,
806 872 870 919 de
893 888 1049 918 uxore
1071 870 1195 917 mihi
1215 872 1550 934 exprobrare;
1587 887 1707 918 nam

215 949 398 995 nullius
425 951 476 993 in
503 951 601 994 ista
627 963 682 993 re
709 949 873 992 minus
901 949 978 992 uti
1004 945 1208 992 consilio
1235 944 1400 991 volo.''
1464 945 1708 992 Habebat

167 1032 192 1071 6
216 1026 350 1070 enim
419 1021 733 1068 Meneclides
799 1023 1135 1082 suspicionem
1201 1019 1436 1066 adulteri.
1504 1018 1707 1078 “Quod

219 1105 392 1144 autem
427 1113 509 1142 me
546 1097 985 1158 Agamemnonem
1022 1093 1264 1140 aemulari
1298 1100 1468 1156 putas,
1501 1092 1704 1141 falleris.

217 1172 450 1233 Namque
480 1169 563 1216 ille
593 1186 704 1216 cum
737 1172 970 1215 universa
1000 1168 1215 1215 Graecia
1242 1171 1326 1214 vix
1355 1168 1535 1214 decem
1564 1170 1706 1214 annis

217 1262 370 1291 unam
404 1247 540 1306 cepit
574 1244 771 1298 urbem,
806 1259 901 1305 ego
936 1249 1113 1288 contra
1147 1258 1208 1288 ea
1241 1258 1343 1288 una
1375 1242 1501 1288 urbe
1534 1248 1708 1288 nostra

216 1320 400 1381 dieque
428 1335 527 1364 uno
555 1324 719 1364 totam
747 1316 1030 1372 Graeciam,
1057 1315 1473 1362 Lacedaemoniis
1498 1313 1706 1379 fugatis,

217 1391 478 1439 liberavi.''

275 1465 321 1515 6.
361 1466 505 1512 Idem
528 1482 642 1511 cum
666 1467 718 1510 in
742 1471 1048 1511 conventum
1070 1465 1293 1509 venisset
1314 1462 1588 1518 Arcadum,
1619 1479 1708 1525 pe-

216 1546 329 1587 tens
350 1547 407 1585 ut
429 1543 728 1585 societatem
750 1555 865 1584 cum
885 1537 1139 1584 Thebanis
1163 1544 1218 1583 et
1237 1537 1438 1600 Argivis
1459 1535 1706 1594 facerent,

215 1621 491 1675 contraque
543 1612 878 1667 Callistratus,
913 1610 1305 1658 Atheniensium
1351 1610 1571 1674 legatus,
1620 1613 1706 1674 qui

217 1687 507 1751 eloquentia
534 1703 708 1733 omnes
738 1702 797 1732 eo
823 1686 1122 1748 praestabat
1146 1692 1398 1748 tempore,
1423 1684 1708 1747 postularet

215 1768 273 1807 ut
314 1764 480 1823 potius
523 1764 797 1806 amicitiam
837 1767 1173 1822 sequerentur
1213 1760 1520 1815 Atticorum,
1561 1766 1616 1806 et
1653 1762 1707 1806 in

215 1837 442 1880 oratione
480 1851 570 1880 sua
608 1833 771 1880 multa
809 1836 1038 1880 invectus
1079 1839 1215 1879 esset
1253 1836 1306 1878 in
1343 1831 1612 1879 Thebanos
1652 1840 1707 1880 et

165 1915 189 1951 2
213 1909 425 1971 Argivos
461 1911 513 1954 in
548 1911 710 1971 iisque
745 1907 839 1954 hoc
875 1911 1144 1970 posuisset,
1180 1910 1404 1953 animum
1439 1907 1706 1954 advertere

215 1982 403 2028 debere
448 1983 672 2029 Arcades
718 1981 892 2045 quales
936 1988 1154 2044 utraque
1197 1984 1373 2028 civitas
1417 1984 1550 2027 cives
1593 1997 1707 2044 pro-

214 2063 454 2111 creasset,
506 2072 569 2102 ex
620 2056 801 2118 quibus
852 2055 916 2102 de
966 2057 1149 2101 ceteris
1198 2061 1407 2117 possent
1454 2054 1705 2102 iudicare:

214 2130 427 2192 Argivos
462 2133 596 2175 enim
620 2128 773 2175 fuisse
799 2128 1037 2175 Orestem
1062 2135 1116 2174 et
1139 2128 1502 2174 Alcmaeonem
1531 2132 1705 2175 matri-

214 2203 379 2258 cidas;
438 2202 623 2249 Thebis
667 2202 922 2264 Oedipum
963 2209 1160 2257 natum,
1203 2204 1306 2264 qui,
1348 2218 1463 2248 cum
1503 2209 1704 2264 patrem

163 2284 358 2323 3suum
413 2275 771 2332 interfecisset,
816 2293 879 2322 ex
925 2283 1089 2322 matre
1136 2275 1318 2322 liberos
1361 2283 1704 2338 procreasset:

213 2348 329 2396 huic
363 2354 415 2396 in
450 2350 803 2412 respondendo
839 2349 1233 2412 Epaminondas,
1269 2366 1384 2396 cum
1419 2349 1484 2396 de
1521 2353 1703 2396 ceteris

333 2495 349 2518 1
379 2496 437 2533 At
460 2495 657 2540 Leuctra,
680 2496 755 2535 371
782 2505 864 2533 B.C.
1064 2494 1080 2518 ²
1110 2493 1185 2534 See
1207 2493 1313 2533 Gell.
1333 2494 1395 2532 iii.
1419 2494 1482 2533 13.
1504 2494 1528 2532 2
1547 2492 1593 2533 ff.

215 2587 304 2634 540
