1747 2912
92 731 147 770 22

95 887 146 926 23

95 1428 149 1466 24

95 1968 149 2008 26

95 2200 149 2241 27

544 133 598 179 L.
653 132 985 179 ANNAEUS
1038 132 1311 179 FLORUS

186 261 407 323 Regulus
434 278 544 307 cum
575 268 815 307 terrorem
837 264 1054 306 nominis
1073 263 1148 306 sui
1166 260 1269 306 late
1285 261 1672 308 circumtulisset

183 355 397 401 cumque
423 355 657 400 magnam
681 342 782 383 vim
807 341 1086 384 iuventutis
1121 337 1376 400 ducesque
1413 342 1544 400 ipsos
1580 345 1669 385 au't

185 415 488 462 cecidisset1
546 423 633 462 aut
691 416 904 462 haberet
970 419 1022 460 in
1081 415 1307 471 vinculis,
1361 415 1671 478 classemque

183 497 382 554 ingenti
428 493 615 554 praeda
662 500 893 539 onustam
950 499 1004 539 et
1057 492 1315 553 triumpho
1369 509 1572 554 gravem
1619 496 1672 538 in

182 572 358 616 urbem
395 574 748 632 praemisisset,
774 574 873 615 iam
908 573 1083 631 ipsam,
1118 577 1270 631 caput
1305 570 1441 625 belli,
1467 570 1671 616 Cartha-

184 651 356 709 ginem
397 649 644 709 urguebat
680 647 871 693 obsidio
906 650 1126 709 ipsisque
1164 651 1320 708 portis
1360 647 1667 694 inhaerebat.

189 725 288 770 Hic
336 725 596 786 paululum
645 728 947 770 circumacta
984 723 1188 770 fortuna
1235 731 1329 781 est,
1354 731 1567 770 tantum
1614 732 1672 771 ut

185 802 327 864 plura
366 809 536 848 essent
579 803 831 848 Romanae
874 805 1073 848 virtutis
1115 805 1347 863 insignia,
1386 805 1525 847 cuius
1564 801 1671 849 fere

186 880 483 940 magnitudo
544 879 910 925 calamitatibus
967 878 1283 940 adprobatur.
1380 879 1509 924 Nam
1556 895 1671 925 con-

184 961 337 1003 versis
364 957 427 1002 ad
462 964 673 1002 externa
697 956 880 1002 auxilia
904 956 1147 1013 hostibus,
1174 973 1285 1002 cum
1322 956 1672 1018 Xanthippum

184 1034 282 1080 illis
330 1034 513 1080 ducem
562 1034 912 1080 Lacedaemon
958 1037 1192 1091 misisset,
1238 1051 1268 1079 a
1313 1037 1417 1079 viro
1463 1034 1671 1093 militiae

184 1115 488 1173 peritissimo
514 1111 979 1157 vincimur—foeda
1004 1111 1170 1157 clades
1211 1111 1544 1173 Romanisque
1580 1128 1671 1157 usu

184 1193 650 1250 incognita—vivus
676 1193 727 1234 in
753 1205 929 1234 manus
958 1188 1178 1234 hostium
1204 1192 1344 1234 venit
1378 1188 1672 1235 fortissimus

185 1270 471 1328 imperator.
547 1266 648 1312 Sed
686 1266 772 1312 ille
815 1266 1020 1328 quidem
1059 1282 1148 1327 par
1188 1272 1362 1311 tantae
1401 1266 1672 1313 calamitati

185 1343 310 1398 fuit3
362 1361 478 1389 nam
526 1360 620 1389 nec
673 1343 859 1389 Punico
912 1359 1109 1389 carcere
1164 1343 1406 1389 infractus
1454 1350 1531 1390 est
1578 1360 1672 1390 nec

187 1421 443 1482 legatione
494 1427 739 1482 suscepta.
836 1420 1038 1482 Quippe
1081 1420 1278 1466 diversa
1319 1437 1467 1483 quam
1517 1421 1673 1468 hostis

188 1499 516 1545 mandaverat
558 1501 772 1556 censuit,
811 1515 876 1544 ne
913 1515 1009 1560 pax
1052 1498 1211 1555 fieret,
1247 1514 1313 1544 ne
1349 1502 1673 1545 commutatio

190 1580 502 1637 captivorum
540 1579 862 1637 reciperetur.
938 1575 1039 1621 Sed
1064 1591 1159 1621 nec
1184 1575 1270 1620 illo
1296 1575 1575 1622 voluntario
1609 1576 1670 1622 ad

189 1653 345 1699 hostis
372 1670 484 1699 suos
511 1654 677 1699 reditu
704 1669 798 1699 nec
823 1652 1002 1699 ultimo
1027 1656 1130 1698 sive
1157 1656 1365 1698 carceris
1391 1669 1478 1699 seu
1516 1657 1672 1700 crucis

188 1731 433 1792 supplicio
480 1730 762 1776 deformata
804 1733 1069 1785 maiestas;
1122 1734 1275 1775 immo
1326 1730 1401 1776 his
1443 1732 1673 1777 omnibus

186 1808 523 1854 admirabilior
566 1808 687 1870 quid
729 1808 866 1853 aliud
909 1824 1058 1869 quam
1105 1811 1264 1853 victor
1304 1807 1368 1853 de
1405 1809 1673 1854 victoribus

187 1892 341 1948 atque
369 1889 538 1942 etiam,
564 1889 678 1948 quia
706 1885 956 1947 Carthago
992 1901 1095 1930 non
1120 1891 1356 1942 cesserat,
1380 1884 1444 1931 de
1471 1886 1672 1932 fortuna

186 1962 551 2025 triumphavit?
660 1962 877 2024 Populus
950 1969 1120 2008 autem
1194 1962 1444 2008 Romanus
1510 1962 1672 2009 multo

186 2044 342 2087 acrior
382 2043 727 2103 intentiorque
775 2056 865 2102 pro
907 2040 1101 2086 ultione
1153 2039 1333 2101 Reguli
1380 2056 1530 2101 quam
1582 2056 1672 2102 pro

186 2121 392 2163 victoria
418 2117 526 2164 fuit.

256 2195 468 2241 Metello
492 2199 647 2257 igitur
672 2195 875 2241 consule
900 2195 1203 2257 spirantibus
1227 2193 1376 2240 altius
1405 2194 1583 2241 Poenis
1618 2201 1672 2241 et

189 2322 266 2415 N}
289 2322 516 2362 cecidisset
540 2323 740 2362 Iordanis
772 2323 853 2362 cod.
886 2322 1095 2372 Pollin9.:
1128 2321 1343 2374 coepisset
1372 2322 1437 2362 B:
1484 2322 1672 2374 cepisset

812 2494 828 2519 ¹
856 2495 936 2534 250
955 2504 1039 2535 Β.ο.

189 2552 251 2608 84
