1802 2942
606 181 999 232 CORNELIUS
1043 180 1266 229 NEPOS

232 314 450 361 delicate
465 316 733 373 iocoseque
750 309 872 356 fecit
889 324 900 364 ;
934 325 1066 372 quae
1082 307 1404 363 referremus,
1419 310 1513 354 nisi
1531 310 1722 354 maiora

232 394 429 454 potiora
452 389 772 435 haberemus.

295 467 343 519 3.
379 467 518 512 Bello
543 464 908 526 Peloponnesio
931 462 1079 509 huius
1102 461 1306 509 consilio
1330 468 1486 525 atque
1510 464 1724 508 auctori·

233 553 343 592 tate
361 543 702 590 Athenienses
718 541 909 588 bellum
926 540 1249 603 Syracusanis
1264 539 1574 586 indixerunt.
1640 538 1724 586 Ad

235 622 370 686 quod
393 621 676 685 gerendum
698 623 807 681 ipse
831 619 935 665 dux
959 617 1187 664 delectus
1213 623 1309 671 est,
1333 616 1434 663 duo
1455 622 1725 678 praeterea

183 708 207 744 2
232 700 456 763 collegae
494 699 619 753 dati,
645 697 811 742 Nicias
838 703 890 742 et
917 694 1215 741 Lamachus.
1285 694 1347 740 Id
1375 710 1490 740 cum
1514 710 1725 756 appara-

235 785 391 831 retur,
416 779 553 838 prius
580 791 733 837 quam
758 773 926 820 classis
953 775 1134 827 exiret,
1160 771 1343 817 accidit
1366 778 1426 817 ut
1450 787 1550 817 una
1574 777 1724 817 nocte

235 871 408 901 omnes
444 853 667 899 Hermae
703 854 789 914 qui
821 853 874 896 in
908 849 1093 912 oppido
1129 855 1275 895 erant
1309 847 1526 894 Athenis
1560 848 1726 894 deice-

234 939 410 978 rentur
443 937 650 992 praeter
683 945 858 983 unum,
894 930 980 990 qui
1015 933 1135 973 ante
1168 929 1374 972 ianuam
1409 932 1520 972 erat
1554 925 1726 972 Ando-

235 1010 332 1056 cidi
351 1009 612 1070 l--itaque
641 1006 724 1052 ille
754 1012 935 1068 postea
966 1004 1249 1050 Mercurius
1279 1002 1529 1049 Andocidi
1549 1003 1569 1032 2
1596 1005 1727 1049 voci-

184 1096 210 1135 3
234 1094 372 1133 tatus
425 1092 517 1132 est.
587 1083 698 1130 Hoc
746 1099 862 1129 cum
912 1088 1183 1144 appareret
1232 1097 1334 1127 non
1383 1083 1490 1126 sine
1539 1096 1727 1144 magna

235 1164 510 1210 multorum
554 1164 882 1208 consensione
929 1176 1038 1206 esse
1083 1157 1294 1213 factum,
1339 1174 1471 1220 quae
1515 1174 1617 1204 non
1662 1157 1726 1204 ad

236 1245 503 1304 privatam,
555 1239 646 1285 sed
695 1237 950 1300 publicam
1001 1252 1109 1283 rem
1160 1238 1461 1298 pertineret,
1510 1251 1726 1298 magnus

236 1318 551 1365 multitudini
583 1319 735 1363 timor
767 1322 846 1361 est
877 1317 1091 1360 iniectus
1124 1329 1189 1359 ne
1223 1329 1323 1375 qua
1353 1315 1623 1374 repentina
1653 1315 1726 1359 vis

185 1405 211 1442 4
233 1400 284 1443 in
325 1398 532 1442 civitate
577 1396 864 1448 exsisteret,
907 1407 1038 1455 quae
1079 1390 1374 1437 libertatem
1416 1392 1726 1452 opprimeret

237 1472 424 1537 populi.

302 1550 413 1597 Hoc
446 1551 668 1595 maxime
703 1549 970 1595 convenire
1004 1549 1056 1592 in
1091 1544 1408 1592 Alcibiadem
1441 1544 1726 1601 videbatur,

239 1628 375 1692 quod
403 1635 456 1674 et
482 1628 742 1690 potentior
770 1633 824 1672 et
849 1628 1009 1670 maior
1037 1641 1190 1686 quam
1216 1626 1442 1685 privatus
1471 1625 1727 1669 existima-

238 1707 416 1760 batur3
469 1703 655 1750 multos
693 1705 828 1749 enim
862 1701 1170 1748 liberalitate
1206 1701 1523 1756 devinxerat,
1558 1699 1727 1762 plures

187 1792 212 1830 5
238 1786 393 1830 etiam
422 1799 577 1844 opera
604 1780 791 1827 forensi
821 1796 934 1826 suos
964 1778 1273 1825 reddiderat.
1341 1777 1456 1836 Qua
1483 1793 1540 1823 re
1569 1777 1727 1824 fiebat

239 1868 297 1907 ut
348 1863 572 1906 omnium
624 1858 809 1912 oculos,
861 1859 1316 1920 quotienscumque
1367 1857 1419 1900 in
1469 1854 1727 1917 publicum

239 1938 506 2000 prodisset,
538 1936 602 1982 ad
631 1952 686 1982 se
715 1940 1037 1981 converteret
1066 1948 1233 1995 neque
1265 1935 1311 1978 ei
1340 1948 1432 1994 par
1461 1934 1728 1994 quisquam

238 2019 291 2061 in
314 2018 520 2061 civitate
543 2020 835 2076 poneretur.
905 2011 1088 2074 Itaque
1113 2027 1214 2057 non
1238 2009 1399 2056 solum
1424 2025 1567 2071 spem
1590 2012 1643 2055 in
1668 2025 1727 2056 eo

240 2092 500 2138 habebant
540 2094 833 2146 maximam,
873 2089 965 2136 sed
1006 2091 1162 2134 etiam
1201 2090 1456 2142 timorem,
1497 2086 1634 2149 quod
1675 2093 1729 2133 et

235 2171 414 2217 obesse
434 2169 706 2232 plurimum
727 2175 781 2214 et
798 2166 1038 2230 prodesse
1057 2171 1277 2227 poterat.
1344 2164 1729 2227 Aspergebatur

325 2278 341 2302 1
371 2277 599 2321 Andocidi,
618 2274 794 2321 Rosius;
832 2273 895 2314 the
917 2272 1049 2312 MSS.
1072 2272 1172 2312 have
1192 2271 1359 2311 various
1378 2270 1650 2322 corruptions.

324 2331 338 2355 ²
368 2331 595 2375 Andocidi,
615 2329 767 2375 Halm3
805 2327 856 2379 cf.
878 2332 969 2367 note
993 2329 1028 2366 1.

305 2440 321 2464 ²
352 2439 513 2489 Square
540 2437 684 2488 pillars
711 2434 993 2475 surmounted
1019 2433 1079 2484 by
1098 2445 1123 2471 a
1150 2432 1251 2472 bust
1279 2432 1324 2471 of
1349 2432 1544 2477 Hermes,
1571 2445 1618 2470 as
1644 2432 1730 2483 god

247 2494 293 2532 of
320 2492 473 2538 traffic,
498 2491 584 2530 and
613 2489 765 2542 placed
793 2502 848 2529 on
875 2488 951 2528 the
978 2491 1132 2527 streete
1158 2487 1205 2526 in
1233 2486 1404 2525 various
1433 2489 1553 2538 parts
1582 2485 1626 2525 of
1654 2485 1729 2525 the

245 2548 350 2598 city.

241 2614 334 2673 438
