1802 2942
604 233 998 283 CORNELIUS
1042 232 1264 283 NEPOS

180 374 207 413 3
297 363 407 409 Hac
438 365 647 409 victoria
680 361 943 425 Lysander
975 361 1157 417 elatus,
1188 378 1304 407 cum
1337 368 1492 408 antea
1521 378 1724 425 semper

232 430 470 477 factiosus
504 430 774 491 audaxque
806 428 1004 484 fuisset,
1036 432 1105 475 sic
1138 429 1232 474 sibi
1263 429 1491 484 indulsit,
1522 436 1582 476 ut
1615 432 1721 476 eius

233 514 387 560 opera
423 500 477 543 in
514 500 794 543 maximum
833 496 1005 542 odium
1045 496 1290 542 Graeciae
1331 495 1723 543 Lacedaemonii

180 573 207 609 4
230 567 570 628 pervenerint.
640 563 772 609 Nam
799 579 915 609 cum
942 562 1073 609 hanc
1099 579 1304 609 causam
1333 562 1723 610 Lacedaemonii

233 633 554 679 dictitassent
574 631 594 661 1
624 631 718 677 sibi
749 646 859 677 esse
888 629 1027 686 belli,
1056 636 1116 676 ut
1144 628 1536 676 Atheniensium
1563 635 1724 693 impo-

232 707 432 746 tentem
464 699 863 744 dominationem
893 696 1251 760 refringerent,
1282 704 1555 760 postquam
1587 698 1723 760 apud

233 769 404 829 Aegos
434 765 624 811 flumen
657 765 921 828 Lysander
949 764 1118 811 classis
1148 763 1371 811 hostium
1403 771 1483 819 est
1510 768 1722 827 potitus,

233 833 355 879 nihil
391 833 526 879 aliud
559 832 763 878 molitus
800 839 880 878 est
913 848 1067 894 quam
1101 838 1160 878 ut
1194 848 1369 878 omnes
1404 834 1636 878 civitates
1670 835 1723 878 in

234 917 324 947 sua
353 906 557 946 teneret
585 906 864 961 potestate,
893 915 1009 945 cum
1038 898 1091 944 id
1120 914 1174 945 se
1205 898 1721 946 Lacedaemoniorum

177 977 206 1014 5
230 984 381 1014 causa
445 966 613 1012 facere
679 966 955 1012 simularet.
1042 965 1277 1028 Namque
1342 966 1568 1029 undique
1623 962 1720 1031 fui

232 1034 624 1081 Atheniensium
645 1034 797 1080 rebus
824 1033 1139 1080 studuissent
1165 1035 1357 1088 eiectis,
1382 1033 1561 1080 decem
1587 1033 1650 1080 de
1673 1050 1719 1080 e-

232 1109 379 1165 gerat
436 1105 487 1147 in
541 1117 643 1146 una
697 1116 899 1163 quaque
952 1103 1178 1156 civitate,
1232 1101 1414 1163 quibus
1468 1117 1720 1148 summum

230 1172 499 1231 imperium
512 1174 928 1230 potestatemque
942 1171 1167 1214 omnium
1177 1184 1348 1214 rerum
1360 1171 1720 1216 committeret.

233 1236 429 1282 Horum
464 1239 516 1281 in
551 1252 819 1281 numerum
839 1236 858 1265 2
896 1251 1045 1281 nemo
1083 1235 1471 1291 admittebatur,
1506 1238 1601 1282 nisi
1637 1239 1721 1299 qui

232 1311 323 1350 aut
376 1306 482 1349 eius
529 1302 747 1365 hospitio
794 1305 1142 1349 contineretur
1192 1309 1283 1349 aut
1333 1318 1388 1349 se
1432 1302 1563 1350 illius
1613 1301 1723 1351 fore

232 1373 490 1433 proprium
517 1370 616 1416 fide
641 1369 978 1416 confirmarat.

296 1437 344 1487 2.
382 1437 463 1483 Ita
501 1437 822 1483 decemvirali
857 1443 1118 1499 potestate
1155 1438 1209 1482 in
1246 1436 1478 1484 omnibus
1514 1437 1721 1484 urbibus

232 1508 528 1559 constituta,
554 1507 708 1566 ipsius
734 1511 865 1550 nutu
890 1507 1060 1551 omnia
1084 1504 1411 1566 gerebantur.
1478 1503 1631 1551 Cuius
1657 1505 1721 1552 de

232 1572 535 1618 crudelitate
573 1588 630 1618 ac
659 1571 872 1634 perfidia
907 1573 1028 1618 satis
1060 1578 1139 1617 est
1173 1588 1328 1617 unam
1356 1587 1466 1618 rem
1502 1572 1722 1635 exempli

232 1642 398 1702 gratia
443 1637 687 1701 proferre,
734 1655 798 1684 ne
846 1639 910 1685 de
959 1638 1140 1685 eodem
1185 1638 1332 1701 plura
1377 1640 1723 1687 enumerando

176 1713 206 1750 2
230 1706 571 1769 defatigemus
591 1705 822 1752 lectores.
890 1705 1063 1752 Victor
1084 1722 1147 1752 ex
1168 1707 1291 1752 Asia
1309 1722 1425 1752 cum
1442 1714 1723 1754 revertere-

232 1782 316 1820 tur
337 1773 661 1835 Thasumque
684 1773 991 1828 divertisset,
1014 1773 1150 1836 quod
1173 1789 1233 1819 ea
1254 1776 1430 1820 civitas
1450 1777 1723 1837 praecipua

233 1841 332 1887 fide
352 1840 521 1887 fuerat
540 1857 661 1903 erga
680 1839 1040 1896 Athenienses,
1054 1840 1266 1902 proinde
1286 1857 1344 1887 ac
1360 1843 1399 1886 si
1415 1857 1515 1887 non
1528 1841 1549 1870 3
1567 1842 1722 1888 iidem

233 1908 499 1954 firmissimi
525 1907 746 1954 solerent
772 1923 881 1954 esse
908 1910 1054 1953 amici
1079 1910 1165 1970 qui
1190 1915 1482 1954 constantes
1507 1907 1723 1957 fuissent

175 1983 207 2022 3
229 1978 433 2031 inimici,
477 1982 770 2037 pervertere
817 1991 930 2020 eam
975 1977 1275 2037 concupivit.
1343 1975 1486 2022 Vidit
1530 1984 1721 2033 autem,

232 2046 326 2088 nisi
353 2046 405 2088 in
433 2059 492 2088 eo
520 2042 824 2088 occultasset
851 2041 1186 2097 voluntatem,
1213 2040 1443 2088 futurum
1469 2049 1529 2089 ut
1553 2042 1722 2091 Thasii

231 2109 579 2157 dilaberentur
601 2108 1024 2171 consulerentque
1047 2110 1198 2155 rebus
1221 2112 1338 2155 suis.
1376 2145 1387 2156 .
1426 2145 1437 2156 .
1475 2110 1513 2156 .4

292 2176 340 2228 3.
378 2177 562 2240 Itaque
595 2175 646 2222 hi
679 2176 1067 2224 decemviralem
1099 2176 1236 2223 illam
1255 2175 1275 2206 5
1307 2183 1624 2240 potestatem
1657 2179 1722 2226 ab

285 2322 301 2346 1
331 2322 622 2368 dictitassent,
639 2334 691 2368 ας
726 2321 979 2367 dictassent,
998 2320 1132 2362 MSS.

287 2375 304 2400 ²
332 2389 576 2422 numerum,
597 2389 648 2422 u;
681 2388 876 2421 numero,
898 2374 1031 2414 MSS.

290 2429 306 2453 ³
334 2442 438 2475 non,
457 2443 486 2468 u
507 2429 553 2468 in
573 2429 635 2469 the
655 2429 841 2479 marqin3
878 2428 941 2468 the
960 2427 1094 2467 MSS.
1116 2427 1230 2468 omit.

288 2483 305 2506 ⁴
334 2496 363 2521 u
383 2483 582 2522 indicates
600 2496 626 2522 a
645 2483 820 2529 lacuna3
849 2494 911 2522 3oe
927 2481 954 2520 I
960 2483 1088 2522 ntrod.
1110 2495 1153 2533 p.
1176 2482 1271 2522 364.

288 2536 304 2560 ⁵
330 2537 466 2582 illam,
495 2537 602 2582 Pu;
648 2535 812 2576 omitted
840 2535 891 2585 by
920 2535 1051 2575 Halm
1062 2550 1072 2582 ;
1119 2539 1210 2589 pot.
1245 2535 1383 2584 illam,
1410 2534 1553 2585 Leid.;
1597 2549 1721 2578 suam

229 2594 340 2642 pot„
359 2590 398 2629 A
419 2591 456 2630 B
472 2589 510 2629 R
528 2590 566 2629 F
583 2594 627 2637 93
663 2602 787 2630 suam
808 2593 901 2642 pot.
921 2591 1004 2638 sui,
1024 2589 1091 2629 M.

224 2682 321 2728 430
