1802 2942
620 136 1016 185 CORNELIUS
1061 136 1283 185 NEPOS

200 269 386 313 scirent
407 281 460 312 se
483 264 765 321 facturum3
805 282 958 329 quem
979 268 1021 313 si
1043 272 1133 313 aut
1153 269 1408 329 cepissent
1429 272 1518 313 aut
1537 268 1696 314 inter-

200 343 456 398 fecissent,
486 360 672 407 magno
701 347 759 390 iis
789 343 1055 406 pollicetur
1082 347 1308 406 praemio
1337 342 1461 390 fore.

258 419 338 469 11.
375 420 485 467 Tali
503 420 852 468 cohortatione
869 421 1088 468 militum
1105 419 1260 477 facta,
1278 421 1446 468 classis
1465 421 1529 468 ab
1547 423 1695 469 utris-

200 514 299 561 que
321 501 373 544 in
394 498 642 561 proelium
665 498 948 546 deducitur.
1016 498 1245 558 Quarum
1269 501 1374 545 acie
1397 501 1695 555 constituta,

199 579 493 639 priusquam
522 578 724 640 signum
753 592 957 640 pugnae
984 576 1209 632 daretur,
1227 575 1499 631 Hannibal,
1518 582 1578 623 ut
1606 592 1694 639 pa-

199 653 301 699 lam
327 652 521 700 faceret
539 657 639 700 suis
667 670 766 717 quo
791 653 900 701 loco
917 654 1175 701 Eumenes
1202 661 1355 710 esset,
1372 653 1695 701 tabellarium

147 737 172 775 2
197 733 249 776 in
288 730 475 793 scapha
513 747 628 777 cum
667 731 888 778 caduceo
926 734 1105 778 mittit.
1173 730 1274 790 Qui
1312 731 1399 778 ubi
1438 730 1504 777 ad
1541 746 1695 778 naves

200 808 599 855 adversariorum
634 811 868 871 pervenit
904 808 1277 872 epistulamque
1312 808 1605 865 ostendens,
1639 825 1695 856 se

199 902 375 949 regem
407 885 660 948 professus
695 893 774 933 est
806 902 1068 949 quaerere,
1102 889 1278 934 statim
1312 886 1378 933 ad
1408 886 1695 933 Eumenem

200 963 449 1010 deductus
482 970 578 1020 est,
609 964 745 1027 quod
775 980 925 1011 nemo
956 964 1228 1011 dubitabat
1259 966 1380 1027 quin
1411 963 1600 1027 aliquid
1630 964 1694 1012 de

199 1057 324 1104 pace
371 1048 506 1088 esset
550 1045 808 1104 scriptum.
876 1041 1206 1098 Tabellarius,
1251 1042 1389 1089 ducis
1433 1057 1563 1088 nave
1608 1041 1695 1089 de-

200 1118 390 1166 clarata
427 1122 545 1175 suis,
584 1120 764 1166 eodem
801 1119 936 1166 unde
975 1126 1086 1166 erat
1123 1136 1354 1183 egressus
1392 1135 1446 1166 se
1482 1122 1692 1182 recepit.

147 1203 172 1243 3
197 1197 269 1243 At
297 1197 553 1243 Eumenes
583 1196 749 1243 soluta
778 1196 995 1259 epistula
1023 1196 1147 1243 nihil
1175 1200 1228 1243 in
1257 1213 1318 1243 ea
1344 1199 1572 1260 repperit
1599 1199 1694 1243 m‘si

200 1291 331 1337 quae
376 1274 441 1321 ad
483 1274 794 1321 irridendum
838 1291 955 1321 eum
997 1277 1331 1337 pertinerent.
1401 1274 1553 1321 Cuius
1598 1277 1694 1321 etsi

200 1369 403 1398 causam
421 1353 701 1398 mirabatur
719 1368 886 1415 neque
905 1352 1234 1414 reperiebat,1
1253 1359 1429 1399 tamen
1446 1351 1694 1414 proelium

200 1433 375 1476 statim
404 1433 725 1476 committere
754 1446 856 1476 non
885 1430 1155 1477 dubitavit.

145 1515 171 1552 4
261 1507 457 1554 Horum
484 1510 536 1553 in
564 1524 807 1554 concursu
834 1507 1061 1571 Bithynii
1090 1506 1389 1554 Hannibalis
1417 1513 1694 1569 praecepto

198 1588 415 1632 universi
452 1601 635 1631 navem
671 1585 913 1632 Eumenis
952 1585 1261 1632 adoriuntur.
1331 1584 1558 1644 Quorum
1594 1587 1694 1632 vim

199 1679 290 1710 rex
325 1680 439 1709 cum
473 1666 723 1710 sustinere
757 1680 858 1710 non
892 1670 1082 1725 posset,
1116 1661 1240 1726 fuga
1273 1662 1491 1710 salutem
1523 1665 1694 1725 petiit,

200 1757 353 1803 quam
385 1747 683 1787 consecutus
715 1757 816 1787 non
849 1747 1001 1796 esset,
1032 1743 1126 1787 nisi
1157 1743 1292 1787 intra
1322 1756 1413 1786 sua
1442 1739 1695 1802 praesidia

200 1834 253 1864 se
277 1821 569 1880 recepisset,
594 1834 724 1881 quae
748 1821 799 1864 in
821 1820 1051 1880 proximo
1073 1817 1219 1865 litore
1244 1824 1389 1864 erant
1416 1816 1693 1863 conlocata·

145 1904 171 1942 5
197 1895 442 1958 Reliquae
469 1895 816 1959 Pergamenae
841 1911 994 1942 naves
1020 1912 1135 1942 cum
1160 1895 1468 1942 adversarios
1492 1909 1690 1957 preme-

199 1980 315 2019 rent
354 1976 532 2028 acrius,
570 1980 785 2035 repente
823 1975 875 2018 in
915 1988 999 2020 eas
1039 1989 1158 2019 vasa
1195 1972 1368 2019 fictilia
1405 1972 1470 2018 de
1509 1971 1692 2034 quibus

199 2067 350 2112 supra
374 2053 689 2097 mentionem
715 2049 924 2097 fecimus
952 2052 1110 2097 conici
1135 2056 1318 2112 coepta
1343 2056 1476 2096 sunt.
1545 2048 1694 2107 Quae

199 2131 333 2174 iacta
374 2130 518 2174 initio
560 2131 715 2174 risum
757 2128 1103 2191 pugnantibus
1146 2130 1480 2182 concitarunt,
1523 2142 1692 2189 neque

148 2213 173 2252 6
201 2222 301 2269 qua
337 2221 391 2252 re
417 2205 469 2252 id
495 2205 642 2252 fieret
667 2212 872 2267 poterat
897 2204 1143 2269 intellegi.
1212 2204 1489 2268 Postquam
1516 2209 1690 2250 autem

200 2299 353 2330 naves
384 2299 497 2330 suas
528 2282 758 2346 oppletas
789 2289 1163 2345 conspexerunt
1193 2282 1532 2345 serpentibus,
1560 2297 1691 2327 nova

199 2377 253 2407 re
278 2363 553 2423 perterriti,
568 2377 683 2407 cum
703 2361 824 2423 quid
848 2363 1167 2423 potissimum
1183 2363 1405 2407 vitarent
1428 2375 1530 2406 non
1554 2357 1690 2405 vide-

407 2489 424 2513 1
453 2488 709 2540 reperiebat,
739 2488 942 2536 Lambin3
983 2488 1289 2541 reperiebatur,
1320 2487 1454 2527 MSS.

195 2565 284 2622 642
