1802 2942
617 186 1011 236 CORNELIUS
1057 185 1277 234 NEPOS

205 321 517 370 accusarent,
567 314 703 376 quod
750 317 1050 360 societatem
1097 329 1213 359 cum
1259 326 1382 376 rege
1431 312 1583 359 Perse
1632 312 1698 359 ad

153 390 179 428 3
205 381 471 427 Graeciam
543 380 928 442 opprimendam
1001 379 1220 426 fecisset.
1308 380 1419 426 Hoc
1490 382 1696 426 crimine

207 449 386 494 absens
417 448 712 510 proditionis
743 447 1013 493 damnatus
1045 454 1138 493 est.

272 514 332 561 Id
375 522 433 561 ut
476 515 685 569 audivit,
730 514 866 577 quod
908 530 1009 559 non
1052 516 1173 560 satis
1222 519 1395 559 tutum
1444 528 1498 559 se
1548 513 1698 575 Argis

206 582 430 636 videbat,
458 581 727 644 Corcyram
753 581 1071 643 demigravit.
1142 580 1219 626 Ibi
1239 595 1354 626 cum
1372 579 1540 625 cives1
1564 583 1700 641 prin-

207 652 342 710 cipes
381 649 822 694 animadvertisset
857 651 1039 694 timere
1075 662 1140 692 ne
1176 654 1385 709 propter
1420 662 1475 692 se
1510 646 1699 692 bellum

208 718 265 760 iis
321 715 711 761 Lacedaemonii
779 721 833 761 et
886 713 1227 760 Athenienses
1281 713 1582 768 indicerent,
1635 713 1701 760 ad

209 781 508 836 Admetum,
542 781 821 828 Molossum
850 797 1044 844 regem,
1074 797 1188 827 cum
1219 797 1319 843 quo
1350 783 1397 826 ei
1425 779 1700 842 hospitium

156 856 182 892 4
208 856 334 904 erat,
370 848 613 911 confugit.
684 848 798 894 Huc
833 864 948 894 curn
982 851 1204 894 venisset
1239 854 1293 894 et
1326 850 1379 893 in
1411 850 1702 910 praesentia

207 932 298 961 rex
355 917 574 971 abesset,
631 931 731 977 quo
785 918 975 961 maiore
1030 914 1273 978 religione
1328 930 1383 960 se
1436 921 1701 976 receptum

208 989 457 1037 tueretur,
497 982 651 1028 filiam
691 985 796 1028 eius
835 981 1096 1044 parvulam
1135 981 1356 1043 adripuit
1395 988 1450 1027 et
1487 998 1602 1028 cum
1641 997 1703 1027 ea

209 1066 262 1095 se
299 1053 351 1095 in
388 1053 659 1095 sacrarium
697 1049 833 1112 quod
869 1065 1066 1095 summa
1102 1048 1364 1095 colebatur
1399 1050 1703 1094 caerimonia

209 1119 438 1162 coniecit.
510 1116 636 1163 Inde
679 1133 780 1163 non
821 1119 958 1178 prius
1003 1132 1233 1178 egressus
1278 1122 1373 1170 est,
1417 1131 1570 1178 quam
1611 1131 1702 1161 rex

156 1192 182 1229 5
208 1199 324 1228 eum
350 1184 471 1230 data
497 1184 679 1230 dextra
702 1186 754 1229 in
779 1183 932 1229 fidem
955 1186 1223 1245 reciperet,
1250 1199 1403 1245 quam
1426 1185 1699 1245 praestitit.

210 1250 342 1296 Nam
404 1267 518 1296 cum
581 1251 646 1296 ab
708 1249 1106 1296 Atheniensibus
1171 1256 1225 1296 et
1288 1249 1702 1295 Lacedaemoniis

210 1324 570 1379 exposceretur
588 1316 807 1380 publice,
828 1316 1106 1379 supplicem
1125 1333 1226 1363 non
1245 1316 1468 1378 prodidit
1485 1319 1704 1363 monuit-

211 1400 310 1446 que
349 1391 408 1430 ut
446 1384 732 1430 consuleret
771 1385 892 1430 sibi:
949 1383 1145 1430 difficile
1186 1387 1320 1429 enim
1359 1399 1469 1430 esse
1506 1386 1559 1429 in
1595 1390 1703 1429 tam

208 1454 490 1514 propinquo
527 1451 635 1497 loco
672 1458 787 1497 tuto
826 1467 943 1497 eum
979 1453 1181 1497 versari.
1251 1450 1435 1513 Itaque
1472 1450 1704 1514 Pydnam

211 1535 327 1565 eum
354 1519 535 1565 deduci
561 1521 706 1564 iussit
732 1525 785 1564 et
811 1518 948 1580 quod
972 1521 1093 1564 satis
1121 1524 1257 1564 esset
1281 1517 1518 1580 praesidii
1542 1517 1702 1564 dedit.

158 1592 184 1630 6
273 1585 368 1631 Hic
409 1589 461 1631 in
502 1601 685 1631 navem
727 1586 957 1631 omnibus
998 1587 1203 1648 ignotus
1244 1587 1412 1631 nautis
1456 1584 1699 1631 escendit.

210 1651 356 1709 Quae
408 1669 523 1698 cum
574 1659 888 1714 tempestate
939 1655 1162 1697 maxima
1213 1651 1416 1698 Naxum
1466 1650 1704 1707 ferretur,

209 1720 296 1764 ubi
319 1726 430 1765 tum
454 1718 846 1765 Atheniensium
870 1726 981 1765 erat
1005 1722 1274 1774 exercitus,
1298 1721 1457 1765 sensit
1478 1717 1704 1765 Themis-

210 1785 384 1841 tocles,
414 1790 453 1832 si
483 1802 543 1832 eo
571 1789 902 1848 pervenisset,
931 1786 1023 1832 sibi
1054 1802 1163 1832 esse
1191 1785 1523 1848 pereundum.
1593 1785 1705 1832 Hac

210 1856 517 1899 necessitate
564 1860 767 1900 coactus
815 1853 1018 1900 domino
1063 1855 1203 1899 navis
1251 1855 1362 1916 quis
1408 1855 1475 1899 sit
1521 1856 1703 1915 aperit,

255 1960 442 2052 {Icivess
463 1960 521 2000 H.
542 1961 587 2000 J.
610 1960 791 2008 illimem
827 1961 934 2008 eius,
955 1960 1008 1999 M
1011 1960 1114 2007 SS.;
1150 1961 1241 2000 eius
1259 1960 1475 2012 principes
1493 1961 1701 2008 civitatis,

271 2120 288 2145 ²
316 2121 418 2161 This
442 2123 639 2173 imposed
662 2135 688 2161 a
711 2123 861 2162 sacred
884 2122 971 2161 and
996 2122 1175 2173 binding
1199 2122 1438 2173 obligation
1459 2125 1508 2161 to
1530 2126 1703 2173 protect

212 2187 240 2214 a
260 2180 386 2226 guest
408 2177 579 2226 against
601 2176 666 2215 his
688 2177 889 2215 enemies.
948 2176 1224 2227 Thucydides
1246 2189 1346 2227 says
1366 2176 1468 2215 that
1488 2175 1702 2216 Admetus

213 2242 300 2268 was
323 2234 401 2321 nfoct
424 2243 449 2267 a
470 2230 613 2269 friend
635 2230 679 2269 of
700 2229 1027 2277 Themistocles,
1048 2230 1223 2269 whence
1244 2242 1363 2269 some
1384 2230 1546 2269 editors
1567 2230 1702 2269 insert

214 2295 298 2322 non
320 2295 345 2320 a
390 2296 435 2321 er
455 2288 553 2322 erat

269 2336 285 2359 2
314 2336 590 2386 Thucydides
624 2349 724 2386 says
756 2336 858 2375 that
890 2336 927 2376 it
960 2348 1047 2376 was
1081 2348 1107 2374 a
1140 2348 1234 2382 son,
1267 2336 1355 2375 and
1388 2347 1506 2375 some
1539 2335 1701 2375 editors

214 2389 378 2440 change
407 2378 542 2439 fi'Ziam
570 2394 617 2429 to
646 2390 807 2439 filium;
854 2389 935 2430 but
962 2390 1038 2429 the
1067 2365 1312 2429 deviations
1341 2389 1387 2429 of
1414 2389 1560 2451 Nepos
1587 2389 1702 2429 from

213 2443 288 2482 the
311 2443 375 2482 his
368 2443 533 2482 torical
554 2456 725 2482 sources
748 2456 821 2483 are
843 2447 918 2482 too
941 2455 1174 2483 numerous
1196 2447 1244 2482 to
1267 2443 1463 2483 mention
1484 2444 1530 2482 in
1552 2442 1700 2482 detail.

267 2497 284 2520 ³
314 2496 368 2535 In
387 2498 468 2536 473
489 2507 591 2543 B.C.‚
613 2497 795 2547 warring
821 2497 993 2548 against
1017 2497 1093 2537 the
1119 2497 1241 2537 cities
1267 2496 1366 2537 that
1392 2496 1480 2536 had
1503 2495 1702 2538 revolted

211 2549 325 2588 from
348 2550 424 2590 the
448 2549 669 2590 Athenian
692 2549 856 2602 league.

206 2630 294 2674 402
