1802 2942
652 141 1048 192 CORNELIUS
1062 151 1067 153 “
1094 141 1316 191 NEPOS

298 273 388 320 Ille
421 276 516 319 etsi
546 272 798 336 flagrabat
826 271 1050 319 bellandi
1079 272 1380 334 cupiditate,
1409 279 1585 319 tamen
1614 276 1727 335 paci

178 363 205 398 4
231 354 551 401 serviundum
570 356 788 415 putavit,
807 353 942 415 quod
959 356 1177 414 patriam
1197 351 1498 399 exhaustam
1516 356 1727 415 sumpti-

231 436 324 482 bus
351 436 539 482 diutius
565 434 882 480 calamitates
907 433 1026 479 belli
1057 432 1190 479 ferre
1220 450 1322 479 non
1351 449 1498 496 posse
1528 433 1728 480 intelle-

233 517 406 579 gebat,
441 515 531 561 sed
562 518 635 561 ita
668 522 725 561 ut
758 517 933 560 statim
965 521 1140 560 mente
1175 517 1414 577 agitaret,
1447 517 1488 560 s'i
1519 514 1727 577 paulum

233 597 383 643 modo
407 613 485 642 res
512 603 682 642 essent
704 594 948 650 refectae,
972 595 1162 641 bellum
1185 611 1429 642 renovare
1453 595 1727 642 Romanos-

230 694 329 740 que
352 680 500 723 armis
522 679 777 739 persequi,
799 676 1034 722 donicum
1057 682 1147 722 aut
1168 679 1357 722 virtute
1379 679 1616 723 vicissent
1637 683 1728 724 aut

177 767 204 805 5
231 761 348 804 victi
396 774 576 803 manus
613 757 889 803 dedissent.
961 757 1072 803 Hoc
1109 756 1314 803 consilio
1349 772 1530 819 pacem
1565 761 1727 804 conci-

232 839 389 894 liavit,
409 841 459 884 in
480 855 578 901 quo
591 836 612 866 1
641 844 789 884 tanta
808 836 905 884 fuit
925 836 1128 893 ferocia,
1148 854 1263 883 cum
1284 836 1492 884 Catulus
1510 846 1728 901 negaret

231 919 421 966 bellum
444 921 858 981 compositurum,
884 921 979 964 nisi
1004 917 1087 963 ille
1114 935 1228 964 cum
1254 921 1371 973 suis,
1398 921 1483 983 qui
1507 919 1726 982 Erycem

232 1007 529 1055 tenuerunt,
557 1003 706 1045 armis
737 999 941 1054 relictis,
968 998 1133 1045 Sicilia
1159 999 1487 1054 decederent,
1513 1007 1588 1056 ut,
1617 1016 1725 1047 suc-

232 1082 506 1128 cumbente
544 1083 727 1143 patria,
756 1083 865 1142 ipse
902 1083 1186 1142 periturum
1223 1096 1277 1126 se
1313 1082 1482 1141 potius
1520 1080 1726 1137 dixerit,

233 1179 386 1225 quam
415 1178 529 1207 cum
557 1168 704 1207 tanto
733 1159 926 1223 flagitio
955 1160 1162 1207 domum
1189 1160 1414 1215 rediret3
1462 1177 1564 1208 non
1591 1165 1727 1209 enim

231 1259 352 1289 suae
394 1258 503 1288 esse
544 1244 744 1287 virtutis
786 1257 925 1286 arma
965 1258 994 1286 a
1032 1243 1198 1302 patria
1237 1248 1448 1302 accepta
1487 1241 1725 1289 adversus

230 1322 400 1370 hostes
432 1322 725 1369 adversariis
755 1322 973 1368 tradere.
1044 1321 1207 1368 Huius
1236 1325 1547 1383 pertinaciae
1575 1325 1728 1370 cessit

231 1403 455 1451 Catulus.
1549 1406 1552 1407 ⁷

294 1483 341 1533 2.
379 1485 451 1530 At
483 1484 566 1530 ille
599 1490 658 1530 ut
694 1483 1066 1547 Karthaginem
1100 1486 1257 1539 venit,
1291 1483 1453 1530 multo
1487 1483 1634 1531 aliter
1668 1501 1726 1532 ac

230 1572 461 1627 sperarat
514 1581 622 1610 rem
688 1564 944 1626 publicam
1011 1581 1064 1610 se
1131 1563 1412 1610 habentem
1470 1568 1724 1628 cognovit.

232 1647 465 1708 Namque
508 1646 846 1692 diuturnitate
889 1648 1089 1691 externi
1130 1644 1249 1690 mali
1289 1652 1494 1695 tantum
1537 1649 1726 1693 exarsit

231 1730 529 1773 intestinum
574 1726 781 1781 bellum,
827 1732 886 1772 ut
930 1742 1209 1788 numquam
1253 1728 1306 1771 in
1349 1729 1480 1788 pari,
1502 1726 1726 1788 periculo

178 1813 203 1851 2
231 1806 385 1854 fuerit
411 1805 675 1869 Karthago
698 1809 792 1852 nisi
816 1823 930 1852 cum
954 1805 1125 1853 deleta
1149 1813 1241 1852 est.
1312 1805 1478 1852 Primo
1500 1823 1727 1854 mercen-

231 1891 358 1933 narii
379 1887 584 1942 milites,
607 1890 693 1949 qui
723 1886 961 1933 adversus
984 1886 1236 1933 Romanos
1259 1885 1481 1942 fuerant,
1503 1887 1727 1935 descive-

232 1975 367 2023 runt,
388 1984 601 2030 quorum
620 1983 858 2014 numerus
880 1975 990 2014 erat
1008 1957 1121 2014 X—X.
1191 1967 1259 2013 Hi
1284 1974 1449 2014 totam
1473 1967 1728 2015 abaliena-

230 2056 350 2095 runt
405 2047 647 2103 Africam,
702 2051 863 2109 ipsam
922 2047 1292 2110 Karthaginem
1347 2056 1722 2112 oppugnarunt.

180 2137 205 2176 3
231 2129 426 2188 Quibus
464 2128 606 2175 malis
645 2128 772 2175 adeo
809 2136 927 2175 sunt
965 2128 1122 2174 Poeni
1158 2131 1435 2191 perterriti,
1472 2136 1531 2176 ut
1567 2132 1725 2178 etiam

233 2209 419 2255 auxilia
467 2210 530 2255 ab
579 2209 817 2255 Romanis
865 2211 1127 2270 petierint,
1176 2225 1338 2272 eaque
1386 2199 1723 2271 impetrarint.

233 2288 335 2336 Sed
353 2297 601 2344 extremo,
619 2306 733 2335 cum
749 2306 907 2351 prope
925 2292 1025 2335 iam
1042 2289 1108 2336 ad
1125 2290 1535 2351 desperationem
1550 2306 1727 2354 perve-

233 2373 442 2426 nissent,
475 2369 815 2416 Hamilcarem
847 2373 1206 2432 imperatorem
1237 2368 1484 2418 fecerunt.

643 2496 660 2522 ¹
687 2496 734 2535 in
755 2509 857 2549 quo,
880 2509 931 2544 u;
968 2497 1014 2536 in
1036 2509 1138 2548 qua,
1160 2496 1294 2538 MSS.

234 2563 325 2608 620
