1802 2942
625 123 1022 174 CORNELIUS
1066 123 1288 174 NEPOS

153 265 178 302 5
269 254 328 300 In
384 269 443 300 eo
496 256 800 316 magistratu
853 255 963 315 pari
1016 251 1282 315 diligentia
1334 268 1388 298 se
1443 251 1701 299 Hannibal

205 328 441 389 praebuit
465 343 521 373 ac
544 327 711 373 fuerat
733 330 785 372 in
806 326 955 373 bello.
1025 326 1259 388 Namque
1283 325 1451 372 effecit
1474 342 1538 372 ex
1559 329 1701 374 novis

207 401 535 465 vectigalibus
554 418 654 447 non
673 400 833 447 solum
850 407 909 447 ut
928 407 1063 447 esset
1079 403 1295 462 pecunia
1313 415 1444 462 quae
1462 399 1701 446 Romanis

207 491 270 522 ex
295 474 501 522 foedere
526 475 854 537 penderetur,
881 475 971 521 sed
997 477 1153 521 etiam
1178 481 1468 536 superesset
1493 490 1624 537 quae
1648 476 1700 520 in

155 559 179 596 6
205 553 396 596 aerario
423 557 771 612 reponeretur.
842 549 1044 596 Deinde
1069 550 1089 580 1
1119 548 1193 595 M.
1225 548 1433 595 Claudio
1462 547 1519 595 L.
1550 548 1700 595 Furio

207 623 508 678 consulibus,
567 623 729 669 Roma
786 622 943 686 legati
1005 621 1374 685 Karthaginem
1433 628 1698 669 venerunt.

207 698 312 744 Hos
356 698 612 744 Hannibal
653 705 792 744 ratus
835 701 910 744 sui
954 698 1258 759 exposcendi
1300 699 1465 760 gratia
1504 699 1700 753 missos,

205 775 497 834 priusquam
521 774 579 817 iis
609 779 814 818 senatus
851 772 1075 826 daretur,
1100 787 1283 817 navem
1308 771 1536 817 ascendit
1569 770 1698 817 clam

155 855 177 893 7
204 853 359 908 atque
399 848 450 891 in
492 845 687 909 Syriam
729 845 793 892 ad
832 845 1143 893 Antiochum
1182 844 1423 908 perfugit.
1493 844 1604 891 Hac
1643 861 1698 892 re

205 919 373 982 palam
410 918 564 976 facta,
602 920 759 966 Poeni
795 936 948 966 naves
987 920 1111 967 duas
1150 936 1281 982 quae
1319 935 1436 965 eum
1473 934 1700 981 compre-

205 993 506 1049 henderent,
538 996 578 1040 si
607 1001 816 1056 possent
847 996 1103 1056 consequi,
1132 996 1397 1048 miserunt,
1427 993 1562 1039 bona
1592 995 1699 1040 eius

204 1068 543 1131 publicarunt,
560 1068 766 1115 domum
784 1085 813 1114 a
828 1066 1173 1115 fundamentis
1191 1068 1515 1123 disiecerunt,
1531 1070 1698 1130 ipsum

206 1142 432 1189 exsulem
461 1143 762 1189 iudicarunt.

268 1216 316 1266 8.
352 1218 424 1263 At
450 1216 707 1263 Hannibal
733 1234 864 1263 anno
891 1219 1045 1264 tertio
1067 1218 1088 1248 2
1114 1223 1386 1279 postquam
1412 1215 1561 1262 domo
1587 1232 1700 1278 pro-

206 1290 425 1354 fugerat,
472 1290 529 1337 L.
577 1290 808 1337 Cornelio
853 1290 915 1350 Q.
964 1290 1191 1336 Minucio
1235 1289 1539 1344 consulibus,
1583 1305 1698 1335 cum

206 1368 429 1428 quinque
446 1365 657 1412 navibus
675 1363 900 1411 Africam
919 1367 1129 1411 accessit
1146 1367 1198 1409 in
1215 1363 1395 1409 finibus
1415 1363 1699 1426 Cyrenaeo-

204 1457 333 1495 rum,
355 1442 396 1486 si
418 1438 549 1486 forte
575 1438 1026 1502 Karthaginienses
1050 1439 1115 1485 ad
1135 1438 1325 1485 bellum
1347 1436 1586 1484 Antiochi
1608 1454 1698 1500 spe

205 1513 487 1576 fiduciaque
525 1513 764 1559 inducere
801 1520 991 1576 posset,
1028 1515 1107 1559 cui
1144 1515 1246 1559 iam
1281 1519 1602 1574 persuaserat
1639 1519 1698 1559 ut

204 1603 318 1634 cum
375 1588 678 1633 exercitibus
735 1590 785 1632 in
843 1586 1045 1633 Italiam
1099 1586 1514 1649 proficisceretur.
1584 1585 1699 1633 Huc

153 1668 178 1706 2
204 1660 482 1724 Magonem
503 1660 713 1708 fratrem
735 1664 934 1708 excivit.
1005 1661 1067 1708 Id
1086 1661 1172 1708 ubi
1192 1660 1349 1707 Poeni
1369 1663 1698 1716 resciverunt,

206 1735 484 1798 Magonem
517 1736 696 1782 eadem
729 1752 829 1798 qua
858 1735 1069 1782 fratrem
1101 1736 1367 1782 absentem
1399 1733 1698 1782 adfecerunt

203 1825 382 1871 poena.
454 1809 548 1865 Illi,
568 1810 847 1872 desperatis
867 1811 1034 1865 rebus,
1053 1826 1168 1856 cum
1187 1809 1450 1856 solvissent
1468 1825 1620 1855 naves
1641 1825 1699 1856 ac

205 1883 316 1930 vela
353 1886 515 1930 ventis
546 1883 822 1939 dedissent,
855 1882 1111 1929 Hannibal
1147 1883 1212 1929 ad
1241 1881 1549 1929 Antiochum
1585 1898 1698 1944 per-

205 1961 358 2006 venit.
429 1958 510 2004 De
535 1958 770 2021 Magonis
792 1961 1002 2005 interitu
1025 1957 1213 2020 duplex
1233 1961 1477 2004 memoria
1496 1957 1699 2019 prodita

205 2039 311 2079 est:
349 2048 570 2095 namque
591 2031 673 2078 alii
693 2030 973 2095 naufragio,
995 2031 1078 2078 alii
1097 2048 1128 2078 a
1146 2031 1349 2078 servolis
1369 2034 1522 2094 ipsius
1542 2034 1699 2078 inter—

262 2168 279 2192 1
310 2167 396 2208 The
417 2167 470 2206 M
472 2167 550 2207 SS.
573 2166 673 2208 have
694 2179 807 2206 anno
829 2170 929 2218 post
949 2170 1200 2219 praeturam
1221 2165 1325 2218 after
1346 2165 1501 2206 deinde
1513 2181 1525 2214 ;
1548 2165 1699 2207 deleted

205 2221 728 2327 byngelcgcigopppgpui-am
749 2220 900 2262 deleted
920 2220 970 2271 by
991 2221 1037 2260 Η
1039 2221 1241 2271 eusinqer.

267 2424 284 2449 1
313 2424 404 2517 {elie
444 2424 752 2476 Carthaginian
794 2423 911 2475 body
944 2422 1278 2475 corresponding
1318 2426 1365 2462 to
1407 2422 1481 2462 the
1522 2423 1696 2462 Roman

208 2490 312 2517 sena
363 2507 372 2517 .

204 2555 295 2616 636
