1747 2912
78 641 127 679 41

77 935 128 974 42

77 1306 130 1346 43

78 1826 133 1864 44

79 1974 132 2013 45

530 139 584 187 L.
637 139 972 186 ANNAEUS
1023 140 1293 187 FLORUS

166 266 470 327 singularem
517 267 657 312 ducis
694 271 1034 324 sanctitatem,
1072 271 1260 329 quippe
1300 271 1387 330 qui
1425 271 1647 330 captivos

165 355 343 400 pueros
367 339 660 402 puellasque
684 345 981 402 praecipuae
1006 341 1395 402 pulchritudinis
1427 342 1647 387 barbaris

164 416 473 471 restitueret,
504 430 570 459 ne
606 417 658 458 in
693 421 1020 476 conspectum
1055 430 1199 460 suum
1235 414 1441 476 quidem
1475 431 1647 476 passus

165 487 361 544 adduci,
388 504 452 533 ne
485 488 605 550 quid
642 487 706 534 de
730 491 1031 550 virginitatis
1067 492 1364 550 integritate
1401 488 1648 535 delibasse

165 561 344 607 saltem
369 561 522 608 oculis
548 562 820 612 videretur.

234 636 376 681 Haec
401 639 454 681 in
494 636 689 682 diversa
719 643 967 682 terrarum
1007 636 1220 697 populus
1260 636 1526 693 Romanus,
1551 652 1646 683 nec

165 709 278 755 ideo
293 716 466 755 tamen
483 712 752 756 visceribus
772 710 945 756 Italiae
965 710 1317 756 inhaerentem
1337 726 1648 756 summovere

165 789 365 843 poterat
406 782 725 829 Annibalem.
816 783 1057 844 Pleraque
1105 782 1169 828 ad
1211 783 1410 829 hostem
1448 782 1649 829 defece-

165 863 294 913 rant,
344 863 397 902 et
452 857 554 902 dux
608 860 876 903 acerrimus
933 864 1107 903 contra
1161 857 1407 903 Romanos
1463 857 1650 904 Italicis

168 946 366 991 quoque
392 931 576 976 viribus
601 931 852 977 utebatur.
927 931 1033 977 Iam
1057 938 1232 977 tamen
1257 948 1372 977 eum
1397 931 1650 993 plerisque

165 1004 361 1065 oppidis
397 1011 450 1051 et
491 1006 777 1067 regionibus
814 1021 1205 1062 excusseramus,
1239 1009 1339 1051 iam
1376 1005 1651 1051 Tarentum

165 1078 228 1123 ad
277 1095 366 1125 nos
413 1079 650 1136 redierat,
701 1083 800 1124 iam
848 1086 901 1125 et
949 1079 1133 1140 Capua,
1176 1079 1322 1125 sedes
1370 1078 1547 1124 domus
1597 1085 1651 1125 et

166 1156 325 1213 patria
378 1153 537 1199 altera
589 1153 867 1210 Annibalis,
923 1155 1212 1209 tenebatur,
1261 1156 1400 1198 cuius
1453 1156 1651 1199 amissio

165 1232 365 1272 tantum
410 1227 577 1272 Poeno
618 1226 734 1272 duci
776 1225 1002 1272 dolorem
1049 1226 1209 1282 dedit,
1257 1233 1314 1272 ut
1360 1225 1481 1271 inde
1528 1229 1655 1273 totis

167 1300 350 1346 viribus
390 1300 597 1345 Romam
633 1307 1025 1346 converteretur.
1100 1300 1146 1347 O
1173 1300 1414 1361 populum
1438 1299 1650 1361 dignum

166 1375 297 1420 orbis
322 1378 530 1436 imperio
560 1375 872 1436 dignumque
906 1378 1128 1420 omnium
1165 1373 1333 1420 favore
1360 1381 1412 1420 et
1437 1364 1656 1420 admira-⁵

166 1451 305 1494 tione
330 1447 591 1494 hominum
626 1465 683 1493 ac
720 1448 960 1494 deorum!
1034 1448 1312 1509 Conpulsus
1348 1447 1413 1493 ad
1448 1447 1651 1494 ultimos

168 1528 334 1568 metus
392 1523 455 1568 ab
512 1526 717 1583 incepto
770 1538 874 1567 non
921 1521 1136 1579 destitit,
1185 1528 1239 1568 et
1285 1521 1350 1567 de
1397 1538 1485 1568 sua
1529 1520 1656 1568 urbe

170 1595 411 1641 sollicitus
459 1595 681 1657 Capuam
725 1602 899 1641 tamen
956 1611 1060 1641 non
1111 1598 1312 1650 omisit;
1372 1595 1461 1641 sed
1508 1602 1653 1657 parte

169 1673 417 1716 exercitus
454 1671 546 1716 sub
581 1670 747 1731 Appio
784 1669 987 1716 consule
1024 1669 1215 1726 relicta,
1241 1676 1383 1731 parte
1420 1668 1654 1715 Flaccum

168 1748 221 1790 in
244 1745 420 1790 urbem
446 1751 635 1801 secuta,
651 1745 830 1790 absens
846 1744 994 1790 simul
1013 1761 1351 1807 praesensque
1376 1745 1650 1806 pugnabat.

172 1818 306 1875 Quid
345 1835 464 1880 ergo
499 1823 737 1864 miramur
772 1822 996 1864 moventi
1034 1825 1195 1864 castra
1228 1837 1258 1864 a
1291 1822 1446 1865 tertio
1483 1818 1653 1880 lapide

168 1893 410 1939 Annibali
434 1897 620 1939 iterum
644 1897 776 1954 ipsos
801 1893 1114 1939 deos—deos
1139 1896 1361 1954 inquam,
1386 1908 1481 1939 nec
1505 1892 1655 1939 fateri

172 1966 696 2029 pudebit—restitisse
717 1968 735 2011 ?
753 1965 774 1995 1
844 1966 1007 2012 Tanta
1032 1969 1167 2012 enim
1191 1966 1255 2011 ad
1279 1965 1499 2028 singulos
1522 1965 1654 2013 illius

169 2048 334 2087 motus
394 2044 465 2087 vis
519 2042 753 2087 imbrium
816 2040 969 2087 effusa
1033 2047 1122 2099 est,
1181 2046 1326 2086 tanta
1388 2046 1654 2086 ventorum

169 2114 407 2161 violentia
443 2121 611 2161 coorta
647 2121 737 2173 est,
767 2121 824 2160 ut
859 2114 1099 2160 divinitus
1133 2113 1330 2160 hostem
1355 2117 1655 2160 summoveri

168 2205 271 2234 non
305 2205 333 2234 a
365 2189 518 2246 caelo,
544 2188 633 2235 sed
668 2189 731 2234 ab
767 2189 901 2234 urbis
939 2191 1091 2250 ipsius
1129 2190 1391 2234 moenibus
1428 2193 1482 2234 et
1517 2187 1655 2250 Capi-

566 2301 583 2326 1
612 2303 830 2341 restitisse
844 2306 934 2353 post
954 2301 1057 2341 deos
1077 2304 1201 2342 inser.
1227 2300 1279 2341 Β.

472 2431 489 2456 ¹
518 2434 586 2471 i.e.
612 2445 658 2470 as
679 2431 794 2470 after
814 2430 1005 2471 Cannae.

472 2485 489 2510 ²
519 2487 580 2525 As
600 2499 713 2525 were
732 2485 808 2524 the
828 2484 987 2525 Giants
1006 2485 1050 2524 in
1073 2484 1150 2524 the
1169 2484 1336 2537 legend.

180 2564 271 2609 108
