1747 2912
77 302 128 342 23

79 544 130 582 24

81 867 133 905 25

83 1028 134 1067 26

529 169 584 215 L.
638 166 972 215 ANNAEUS
1021 165 1291 213 FLORUS

238 296 539 342 Permissum
564 290 641 342 est
663 299 867 342 interim
891 297 1135 356 respirare
1162 293 1395 339 Romanis
1430 297 1486 339 et
1509 294 1650 354 quasi

167 376 229 422 ab
275 376 449 423 inferis
504 392 776 438 emergere.
850 375 1006 420 Arma
1045 390 1150 419 non
1195 379 1381 420 erantt'
1422 372 1652 419 detracta

168 463 286 502 sunt
332 456 546 518 templis.
636 456 828 502 Deerat
872 459 1140 501 iuventus:
1191 457 1246 499 in
1286 459 1654 499 sacramentum

170 537 383 583 liberata
406 541 624 584 servitia.
696 538 895 599 Egebat
919 540 1193 583 aerarium:
1231 552 1350 596 opes
1375 551 1486 581 suas
1509 551 1654 581 sena-

167 624 249 664 tus
272 621 326 663 in
351 618 576 665 medium
611 618 774 664 libens
810 617 1038 679 protulit,
1063 633 1159 662 nec
1193 623 1396 677 praeter
1431 615 1566 677 quod
1599 619 1655 661 in

170 698 319 744 bullis
368 699 679 761 singulisque
725 698 886 744 anulis
939 704 1048 744 erat
1097 700 1361 760 quicquam
1413 696 1506 742 sibi
1551 699 1658 742 auri

170 779 498 841 reliquerunt.
572 779 741 842 Eques
778 785 978 825 secutus
1005 777 1294 839 exemplum
1328 780 1659 839 imitataeque

174 863 398 922 equitem
424 861 596 906 tribus.
673 859 909 922 Denique
945 862 1027 904 vix
1063 858 1304 905 suffecere
1329 857 1546 916 tabulae,
1576 861 1659 902 vix

171 942 443 987 scribarum
483 956 660 986 manus
703 940 925 987 Laevino
968 938 1310 1001 Marcelloque
1358 938 1663 995 consulibus,

174 1038 287 1068 cum
312 1025 619 1082 privatorum
643 1037 762 1082 opes
788 1025 842 1066 in
865 1020 1123 1082 publicum
1146 1019 1472 1066 referrentur.
1524 1018 1661 1076 Quid

171 1104 377 1148 autem?
473 1102 535 1148 In
584 1101 833 1164 eligendis
878 1101 1252 1162 magistratibus
1302 1116 1430 1162 quae
1485 1106 1662 1146 centu-

172 1186 355 1228 riarum
382 1186 643 1245 sapientia,
669 1200 783 1228 cum
807 1185 1025 1228 iuniores
1050 1199 1078 1227 a
1102 1181 1380 1227 senioribus
1400 1179 1662 1226 consilium

173 1264 238 1310 de
277 1264 506 1310 creandis
548 1264 832 1310 consulibus
873 1265 1179 1325 petiverunt.
1253 1261 1451 1323 Quippe
1488 1260 1664 1318 adver-

173 1361 254 1390 sus
303 1345 503 1391 hostem
560 1349 750 1392 totiens
798 1348 1057 1401 victorem,
1104 1350 1210 1390 tam
1257 1342 1510 1400 callidum,
1558 1358 1664 1389 non

175 1430 362 1473 virtute
409 1434 628 1484 tantum,
676 1426 766 1473 sed
822 1429 922 1472 suis
970 1429 1124 1473 etiam
1171 1441 1397 1488 pugnare
1445 1422 1665 1470 consiliis

109 1548 117 1554 .
173 1508 451 1568 oportebat.

83 1593 136 1633 27

88 1995 141 2036 28

90 2242 141 2282 29

244 1587 407 1634 Prima
443 1587 703 1635 redeuntis
742 1593 810 1645 et,
847 1594 905 1634 ut
940 1590 1013 1634 ita
1044 1586 1272 1643 dixerim,
1309 1588 1667 1632 revivescentis

174 1671 371 1730 imperii
410 1685 522 1732 spes
566 1669 747 1715 Fabius
795 1668 908 1726 fuit,
948 1672 1033 1731 qui
1081 1684 1261 1714 novam
1302 1667 1366 1713 de
1407 1665 1661 1712 Annibale

177 1752 433 1796 victoriam
476 1756 793 1796 commentus
830 1756 924 1806 est,
957 1765 1060 1795 non
1101 1764 1345 1810 pugnare.
1421 1747 1555 1792 Hinc
1591 1745 1665 1791 illi

175 1846 457 1892 cognomen
482 1847 667 1877 novum
693 1837 748 1877 et
770 1834 842 1877 rei
868 1830 1098 1892 publicae
1124 1829 1339 1875 salutare
1361 1828 1665 1882 Cunctator;

176 1909 295 1956 hine
331 1911 457 1957 illud
497 1928 558 1957 ex
591 1910 793 1972 populo,
826 1917 884 1956 ut
920 1912 1117 1971 imperii
1153 1915 1352 1955 scutum
1389 1913 1664 1953 vocaretur.

182 1991 361 2054 Itaque
405 2009 494 2054 per
533 1991 793 2038 Samnium
831 1997 1011 2049 totum,
1056 2006 1147 2052 per
1191 1989 1425 2035 Falernos
1454 1988 1665 2034 ,Gaura-

182 2089 373 2135 nosque
417 2073 573 2119 saltus
621 2076 691 2118 sic
738 2075 1011 2118 maceravit
1059 2069 1381 2127 Annibalem,
1428 2071 1667 2131 ut,.quia

176 2154 341 2215 frangi
384 2157 571 2200 virtute
620 2169 722 2198 non
773 2158 989 2214 poterat,
1036 2167 1176 2198 mora
1223 2153 1664 2196 comminueretur.

183 2235 310 2281 Inde
349 2234 557 2280 Claudio
602 2233 843 2280 Marcello
886 2233 1014 2279 duce
1057 2235 1210 2279 etiam
1249 2230 1487 2293 congredi
1522 2245 1671 2276 ausus

235 2399 252 2423 1
282 2397 450 2437 Golden
471 2400 725 2436 ornaments
745 2395 889 2434 which
910 2394 1129 2435 free-born
1150 2392 1320 2433 Roman
1341 2391 1537 2432 children
1557 2403 1671 2432 wore

178 2451 425 2546 su{p{{³(‘,1ed
446 2450 586 2490 round
607 2450 723 2490 their
742 2449 888 2490 necks.

378 2515 465 2544 B.c.

191 2600 281 2631 102
