1802 2942
607 170 663 219 L.
713 168 1048 215 ANNAEUS
1097 168 1368 216 FLORUS

243 304 297 344 et
331 297 678 343 Macedoniam
707 303 1072 342 concesserant.
1145 296 1226 343 Sic
1255 296 1478 343 vindicta
1507 295 1728 343 Caesaris

241 365 397 410 dilata
419 368 584 426 potius
610 380 758 426 quam
783 380 1019 425 oppressa
1042 370 1132 409 est.

192 439 217 476 5
311 432 473 493 Igitur
519 435 617 476 iam
663 430 893 476 ordinata
932 434 1091 492 magis
1133 437 1190 477 ut
1237 437 1437 491 poterat
1473 447 1624 492 quam
1670 437 1729 476 ut

241 498 463 544 debebat
490 501 625 544 inter
650 501 935 543 triumviros
962 514 1016 544 re
1050 497 1265 558 publica,
1297 497 1475 543 relicto
1498 497 1562 543 ad
1594 498 1729 543 urbis

242 565 545 627 praesidium
585 565 793 626 Lepido,
820 565 999 611 Caesar
1023 581 1137 610 cum
1166 565 1392 610 Antonio
1420 568 1473 609 in
1507 565 1729 610 Cassium

195 639 219 677 6
246 633 558 694 Brutumque
594 635 913 693 succingitur.
989 631 1071 677 Illi
1108 635 1405 693 comparatis
1438 632 1731 693 ingentibus

243 703 396 760 copiis
444 699 659 745 eandem
700 699 854 755 illam,
892 715 1020 761 quae
1067 698 1231 744 fatalis
1269 699 1445 744 Gnaeo
1494 698 1731 760 Pompeio

242 766 355 823 fuit,
380 766 618 812 harenam
641 766 946 812 insederant.
1021 765 1121 811 Sed
1137 772 1357 812 nectum
1377 765 1396 794 1
1431 769 1732 812 inminentia

197 840 219 879 7
244 833 397 879 cladis
434 833 717 879 destinatae
760 837 904 894 signa
944 833 1243 878 latuerunt.2
1309 833 1439 878 Nam
1482 839 1537 879 et
1576 836 1731 895 signis

243 901 431 946 insedit
455 917 668 946 examen
698 907 751 946 et
783 903 1024 946 adsuetae
1055 900 1351 946 cadaverum
1385 900 1569 961 pabulo
1593 900 1731 946 volu-

245 984 351 1014 cres
390 967 589 1013 castra3
639 970 778 1029 quasi
826 971 924 1012 iam
972 983 1059 1013 sua
1102 967 1545 1024 circumvolabant,
1588 973 1642 1013 et
1678 962 1731 1012 in

197 1043 219 1081 8
241 1039 399 1081 aciem
436 1034 800 1096 prodeuntibus
836 1036 1009 1080 obvius
1045 1034 1331 1096 Aethiops4
1375 1038 1523 1080 nimis
1557 1041 1732 1096 aperte

245 1102 400 1148 ferale
426 1105 624 1163 signum
649 1101 758 1147 fuit.
834 1102 1038 1163 Ipsique
1064 1101 1219 1147 Bruto
1250 1118 1342 1163 per
1373 1108 1588 1158 noctem,
1618 1118 1732 1147 cum

246 1170 403 1214 inlato
440 1169 630 1214 lumine
667 1185 729 1215 ex
765 1185 903 1214 more
945 1169 1111 1230 aliqua
1149 1185 1318 1215 secum
1351 1173 1586 1230 agitaret,
1624 1175 1731 1215 atra

246 1236 492 1298 quaedam
516 1239 681 1297 imago
707 1252 760 1282 se
785 1236 971 1282 obtulit
997 1243 1064 1291 et,
1092 1252 1219 1298 quae
1246 1243 1380 1282 esset
1405 1239 1729 1297 interrogata,

244 1303 429 1349 “Tuus
451 1303 476 1317 ”
538 1306 705 1365 inquit
762 1303 971 1349 “malus
1025 1303 1252 1365 genius,”
1301 1303 1399 1348 ac5
1434 1304 1526 1349 sub
1573 1303 1727 1349 oculis

191 1379 215 1417 9
245 1374 471 1416 mirantis
531 1373 748 1416 evanuit.
824 1370 935 1415 Pari
993 1373 1045 1415 in
1099 1370 1306 1416 meliora
1362 1374 1622 1432 praesagio
1680 1374 1734 1415 in

247 1438 466 1484 Caesaris
492 1441 664 1483 castris
689 1441 854 1482 omnia
878 1453 994 1483 aves
1018 1441 1353 1499 victimaeque
1385 1441 1729 1499 promiserant.

247 1504 348 1551 Sed
389 1504 515 1550 nihil
552 1504 638 1550 illo
684 1508 1037 1566 praestantius,
1079 1504 1213 1567 quod
1252 1505 1473 1550 Caesaris
1507 1504 1732 1551 medicus

249 1575 440 1618 somnio
463 1571 749 1617 admonitus
780 1572 898 1629 65ἐ,6
931 1578 990 1618 ut
1025 1572 1204 1618 Caesar
1238 1576 1410 1618 castris
1444 1571 1732 1629 excederet,

160 1648 208 1686 10
247 1641 425 1701 quibus
451 1642 560 1700 capi
585 1640 894 1694 inminebat3
927 1646 985 1685 ut
1009 1638 1198 1685 factum
1224 1646 1316 1685 est.
1367 1639 1493 1685 Acie
1516 1655 1734 1701 namque

247 1710 507 1752 commissa
553 1723 666 1751 cum
716 1710 823 1768 pari
880 1706 1057 1752 ardore
1104 1706 1393 1768 aliquandiu
1442 1706 1734 1753 dimicatum

246 1774 393 1831 soret,
428 1773 516 1819 et'7
553 1777 776 1835 quamvis
809 1773 963 1819 duces
999 1773 1118 1819 inde
1154 1780 1446 1835 praesentes
1479 1773 1734 1831 adessent,

247 1841 364 1886 hinc
410 1840 626 1886 alterum
674 1844 891 1902 corporis
947 1841 1226 1902 aegritudo,
1275 1841 1417 1885 illum
1464 1847 1632 1887 metus
1680 1848 1734 1888 et

244 1911 443 1970 ignavia
484 1907 857 1965 subduxissent,
907 1906 1108 1954 stabat8
1154 1914 1327 1954 tamen
1374 1923 1464 1969 pro
1511 1909 1735 1970 partibus

305 2005 320 2029 1
464 2020 472 2028 .

301 2059 316 2082 2
346 2006 773 2098 itrilrtrlilinetrffiifcladis
803 2058 1053 2099 destinatae
1081 2059 1205 2112 signa
1234 2059 1463 2099 latuerunt
1491 2060 1563 2100 N:
1595 2060 1733 2100 immi·

246 2114 398 2152 nentia
417 2113 637 2152 destinate
658 2113 794 2152 cladis
814 2113 1043 2153 latuerunt
1061 2115 1110 2152 B.

302 2168 318 2191 ³
348 2174 492 2206 castra
511 2181 588 2207 om.
614 2168 663 2206 B.
907 2167 925 2191 ⁴
953 2167 1196 2219 Aethiops:
1226 2167 1431 2219 aethiope
1449 2168 1500 2208 B.

303 2221 318 2244 ⁵
347 2234 422 2260 ac:
456 2221 536 2260 hoc
556 2223 605 2261 B.
777 2220 793 2244 ⁶
822 2224 890 2260 est
909 2235 988 2262 om.
1011 2222 1108 2261 BN.
1278 2221 1293 2245 ⁷
1323 2226 1369 2261 et
1389 2235 1464 2261 om.
1489 2222 1584 2261 BN.

303 2275 319 2299 ⁸
350 2274 498 2314 stabat
520 2277 781 2314 Salmasius:
814 2280 954 2315 staret
973 2276 1039 2316 B:
1069 2279 1240 2314 starent
1260 2275 1353 2315 NL.

301 2405 316 2428 ¹
349 2406 427 2444 See
448 2408 550 2443 note
570 2418 625 2443 on
646 2418 688 2455 p.
708 2405 802 2444 280.
1020 2405 1037 2429 ²
1067 2406 1309 2457 Augustus.

303 2459 320 2482 ³
350 2459 585 2498 Antonius.
642 2458 853 2497 Plutarch
906 2460 993 2508 (vit.
1041 2461 1145 2498 Ant.
1191 2460 1263 2497 282
1314 2458 1477 2509 merely
1513 2458 1728 2507 observes,

250 2512 542 2564 “According
573 2516 619 2551 to
648 2525 780 2560 some,
803 2513 1023 2552 Antonius
1044 2525 1134 2551 was
1163 2511 1318 2551 absent
1346 2512 1459 2551 from
1487 2512 1564 2552 the
1591 2512 1734 2552 battle

243 2590 336 2648 308
