1747 2912
98 412 144 450 12

97 722 144 761 13

98 1034 145 1073 14

97 1423 145 1462 15

98 1733 145 1772 16

98 1967 146 2006 17

541 198 595 244 L.
649 197 980 245 ANNAEUS
1030 197 1300 245 FLORUS

181 326 435 388 oppidum.
510 326 678 388 Spolia
720 331 925 388 insuper
972 330 1137 388 opima
1184 327 1248 373 de
1298 342 1418 388 rege
1461 327 1667 389 Agrone

182 404 406 450 Feretrio
443 403 548 449 Iovi
583 405 812 450 manibus
847 408 946 450 suis
984 421 1070 450 rex
1106 408 1397 466 reportavit.
1471 403 1667 451 Sabinis

181 481 408 543 proditae
446 488 619 543 portae
655 498 744 544 per
775 485 1022 543 virginem
1048 481 1325 544 Tarpeiam.
1401 482 1545 528 Haec
1580 481 1666 528 do-

179 558 320 605 losel
356 562 574 621 pretium
618 563 689 606 rei
732 575 859 622 quae
901 561 1149 621 gerebant
1190 562 1242 604 in
1285 561 1496 606 sinistris
1535 563 1667 621 peti-

181 643 336 694 verat,
362 636 569 682 dubium
607 636 792 699 clipeos
834 653 899 682 an
935 636 1182 692 armillas;
1219 636 1309 694 illi,
1334 643 1392 683 ut
1427 642 1481 683 et
1516 636 1667 683 fidem

179 714 431 760 solverent
484 721 537 760 et
591 714 971 772 ulciscerentur,
1032 714 1206 776 clipeis
1265 715 1493 761 obruere.
1585 714 1665 761 lta

180 795 405 841 admissis
447 798 578 841 intra
617 799 814 841 moenia
857 795 1103 853 hostibus,
1141 802 1282 841 atrox
1322 798 1375 840 in
1411 799 1518 857 ipso
1560 794 1668 841 foro

182 889 365 934 pugna,
413 872 539 918 adeo
600 879 657 918 ut
718 872 955 918 Romulus
1020 873 1187 918 Iovem
1235 879 1416 930 oraret,
1464 872 1664 918 foedam

179 966 377 996 suorum
426 949 597 1011 fugam
644 953 875 1005 sisteret;
937 950 1052 996 hinc
1100 950 1348 1012 templum
1397 957 1450 996 et
1498 949 1669 996 Stator

182 1028 421 1089 Iuppiter.
502 1026 729 1073 Tandem
782 1027 1065 1074 furentibus
1118 1031 1439 1074 intervenere
1492 1033 1667 1090 raptae

181 1105 356 1150 laceris
392 1109 557 1151 comis.
632 1105 713 1151 Sic
753 1121 849 1167 pax
892 1104 1025 1151 facta
1058 1121 1170 1151 cum
1206 1104 1352 1151 Tatio
1388 1103 1667 1168 foedusque

182 1198 487 1245 percussum,
535 1188 807 1244 secutaque
857 1199 935 1228 res
983 1185 1107 1227 mira
1160 1182 1316 1240 dictu,
1365 1188 1423 1228 ut
1479 1181 1667 1229 relictis

181 1260 382 1306 sedibus
431 1263 530 1306 suis
571 1276 750 1306 novam
790 1263 842 1305 in
881 1261 1057 1306 urbem
1104 1259 1276 1306 hostes
1324 1259 1668 1321 demigrarent

181 1344 235 1384 et
270 1354 383 1383 cum
416 1341 616 1399 generis
651 1341 749 1384 suis
782 1342 938 1383 avitas
971 1353 1091 1399 opes
1126 1353 1216 1400 pro
1249 1336 1370 1383 dote
1403 1340 1663 1384 sociarent.

184 1416 358 1461 Auctis
392 1416 527 1461 brevi
552 1416 754 1472 viribus,
779 1414 913 1461 hunc
936 1432 1024 1461 rex
1048 1418 1443 1477 sapientissimus
1479 1421 1667 1462 statum

182 1497 253 1539 rei
287 1493 515 1555 publicae
552 1496 803 1555 inposuit:
840 1496 1074 1539 iuventus
1107 1493 1263 1539 divisa
1294 1509 1386 1555 per
1420 1493 1580 1539 tribus
1614 1497 1666 1539 in

182 1574 321 1634 equis
358 1577 411 1616 et
445 1574 593 1616 armis
630 1570 692 1616 ad
729 1571 894 1616 subita
931 1570 1050 1617 belli
1089 1571 1376 1628 excubaret,
1406 1570 1667 1617 consilium

181 1653 253 1694 rei
290 1648 518 1710 publicae
558 1664 714 1710 penes
754 1664 900 1694 senes
942 1655 1092 1706 esset,
1133 1651 1219 1710 qui
1261 1664 1324 1695 ex
1365 1651 1666 1695 auctoritate

181 1733 364 1788 patres,
406 1727 469 1771 ob
512 1732 733 1772 aetatem
783 1733 986 1773 senatus
1035 1725 1381 1772 vocabantur.2
1453 1726 1550 1772 His
1597 1729 1668 1772 ita

181 1804 421 1850 ordinatis
479 1810 709 1865 repente,
760 1820 873 1849 cum
932 1807 1221 1850 contionem
1278 1802 1491 1850 haberet
1547 1810 1667 1850 ante

183 1882 357 1927 urbem
393 1888 516 1943 aput
563 1881 751 1943 Caprae
789 1881 1044 1943 paludem,
1084 1896 1111 1926 e
1155 1887 1427 1943 conspectu
1470 1880 1667 1928 ablatus

182 1966 270 2005 est.
348 1958 669 2021 Discerptum
696 1958 849 2021 aliqui
875 1976 903 2004 a
927 1965 1106 2005 senatu
1131 1965 1316 2021 putant
1348 1959 1413 2004 ob
1446 1962 1666 2021 asperius

239 2111 254 2135 ²
283 2111 387 2150 haec
416 2111 563 2150 dolose
593 2111 884 2151 Rossbachius:
916 2124 1000 2150 non
1033 2110 1132 2150 dolo
1163 2110 1237 2150 sed
1266 2110 1413 2163 puella
1443 2112 1545 2151 BI:
1588 2125 1665 2151 nec

185 2164 307 2205 dolos
337 2164 412 2204 sed
442 2165 588 2217 puella
617 2166 671 2205 N.

240 2220 255 2243 ²
287 2219 579 2259 vocabantur:
613 2218 853 2258 vocabatur
874 2218 960 2260 BI.

336 2376 351 2400 ¹
380 2376 559 2427 Jupiter
578 2389 624 2414 as
646 2376 721 2414 the
745 2379 772 2395 “
788 2375 994 2416 Striker''
1015 2375 1060 2415 of
1080 2375 1147 2415 his
1167 2376 1369 2415 enemies.

336 2429 352 2453 ²
381 2430 472 2469 The
494 2429 613 2482 King
633 2430 677 2468 of
697 2430 772 2468 the
793 2429 987 2470 Sabines.

337 2484 352 2507 ³
381 2487 448 2523 i.e.
472 2497 567 2522 men
593 2484 784 2523 between
805 2484 880 2523 the
900 2497 1000 2534 ages
1020 2482 1065 2522 of
1083 2487 1254 2536 twenty
1274 2482 1360 2522 and
1381 2483 1516 2536 forty.

338 2538 353 2560 ⁴
384 2539 558 2578 Senatus
577 2537 687 2576 from
705 2551 826 2587 senes,
854 2537 969 2578 “old
988 2536 1130 2577 men.''

190 2630 244 2661 12
