1802 2942
661 149 1056 199 CORNELIUS
1101 150 1323 200 NEPOS

185 285 212 324 5
234 277 464 337 Quarum
478 278 677 324 brevior
694 294 786 340 per
801 277 911 325 loca
926 279 1148 334 deserta,
1165 295 1297 342 quae
1312 295 1464 326 nemo
1478 279 1733 328 incolebat

237 350 447 407 propter
486 361 650 407 aquae
689 348 929 407 inopiam,
968 353 1198 392 ceterum
1237 347 1435 393 dierum
1475 353 1586 394 erat
1624 345 1732 394 fere

238 411 446 466 decem3
498 411 585 457 illa
620 419 794 459 autem
832 429 933 475 qua
967 429 1142 459 omnes
1178 415 1536 460 commeabant
1572 413 1731 461 altero

237 485 385 525 tanto
407 478 687 542 longiorem
709 478 936 526 habebat
959 479 1262 536 anfractum,
1285 481 1376 527 sed
1399 487 1510 528 erat
1532 484 1733 543 copiosa

186 553 211 592 6
234 548 562 608 omniumque
582 563 751 592 rerum
773 547 1052 593 abundans.
1122 547 1232 593 Hac
1253 551 1293 593 si
1314 548 1731 609 proficisceretur,

236 613 575 676 intellegebat
631 617 768 676 prius
826 614 1136 661 adversarios
1193 618 1463 661 rescituros
1521 615 1585 662 de
1642 632 1731 661 suo

238 680 464 726 adventu
524 697 678 742 quam
736 684 846 742 ipse
905 685 1113 728 tertiam
1172 689 1374 743 partem
1432 681 1733 729 confecisset

237 750 431 793 itineris
449 763 460 802 余
511 750 587 793 sin
618 764 711 810 per
741 747 852 794 loca
883 748 989 794 sola
1021 749 1374 804 contenderet,
1406 750 1647 811 sperabat
1677 765 1732 796 se

186 822 210 862 7
233 815 613 876 imprudentem
651 814 852 861 host-em
891 832 1264 878 oppressurum.
1332 816 1417 862 Ad
1454 815 1584 863 hanc
1622 832 1731 863 rem

236 881 602 928 conficiendam
637 885 908 944 imperavit
945 899 1098 945 quam
1134 882 1375 945 plurimos
1410 886 1536 930 utris
1576 890 1732 946 atque

239 952 397 995 etiam
458 949 644 995 culleos
707 953 1015 1012 comparari3
1094 958 1211 1012 post
1271 949 1398 996 haec
1459 950 1731 1013 pabulum余

236 1023 509 1078 praeterea
555 1017 743 1063 cibaria
790 1024 935 1063 cocta
982 1017 1180 1064 dierum
1228 1017 1424 1073 decem,
1471 1025 1531 1064 ut
1579 1034 1732 1081 quam

237 1086 446 1130 minime
465 1083 613 1130 fieret
629 1087 759 1147 ignis
777 1086 830 1130 in
848 1087 1041 1130 castris.
1084 1084 1192 1130 Iter
1206 1100 1306 1147 quo
1324 1083 1516 1131 habeat
1531 1084 1551 1114 1
1571 1088 1731 1132 omnis

237 1150 388 1198 celat.
456 1149 536 1197 Sic
559 1158 786 1213 paratus,
811 1168 912 1213 qua
935 1154 1274 1198 constituerat
1296 1151 1644 1214 proficiscitur.

297 1216 345 1267 9.
371 1218 652 1264 Dimidium
675 1217 783 1264 fere
801 1221 1023 1280 spatium
1047 1217 1356 1274 conFecerat,
1374 1235 1489 1265 cum
1509 1235 1573 1265 ex
1591 1217 1731 1266 fumo

237 1292 517 1331 castrorum
565 1288 672 1331 eius
721 1288 936 1347 suspicio
985 1285 1158 1332 adlata
1206 1293 1286 1332 est
1334 1286 1399 1332 ad
1446 1286 1732 1332 Eumenem

234 1351 437 1398 hostem
466 1356 887 1416 appropinquare.
956 1352 1277 1399 Conveniunt
1305 1353 1488 1408 duces3
1535 1356 1733 1416 quaeri-

236 1426 320 1465 tur
356 1420 478 1482 quid
513 1436 637 1482 opus
674 1423 740 1466 sit
775 1419 927 1466 facto.
997 1419 1379 1483 Intellegebant
1413 1436 1588 1467 omnes
1623 1427 1731 1467 tam

235 1486 470 1533 celeriter
505 1490 674 1549 copias
710 1490 933 1549 ipsorum
970 1486 1201 1534 contrahi
1237 1504 1339 1533 non
1374 1503 1541 1549 posse,
1578 1504 1731 1550 quam

185 1559 211 1598 2
234 1554 523 1616 Antigonus
553 1553 820 1601 adfuturus
849 1554 1133 1601 videbatur.
1203 1553 1317 1610 Hic,
1347 1555 1586 1601 omnibus
1608 1557 1732 1601 titu-

236 1622 476 1668 bantibus
509 1629 563 1669 et
593 1622 657 1668 de
687 1622 839 1668 rebus
869 1625 1077 1668 summis
1108 1622 1515 1683 desperantibus,
1546 1622 1732 1668 Eume-

236 1705 326 1735 nes
364 1692 453 1744 ait,
489 1692 529 1735 si
565 1689 883 1736 celeritatem
919 1689 1078 1735 velint
1113 1688 1356 1735 adhibere
1393 1696 1447 1735 et
1481 1692 1732 1751 imperata

237 1754 423 1811 facere,
449 1756 586 1818 quod
611 1763 731 1802 ante
757 1773 858 1802 non
882 1754 1115 1811 fecerint,
1141 1772 1195 1802 se
1220 1772 1329 1802 rem
1355 1756 1729 1818 expediturum.

237 1822 370 1868 Nam
396 1824 532 1885 quod
557 1824 735 1870 diebus
761 1827 987 1886 quinque
1012 1822 1169 1869 hostis
1195 1826 1435 1869 transisse
1460 1830 1651 1885 posset,
1676 1839 1731 1870 se

238 1889 538 1936 effecturum
586 1898 644 1937 ut
691 1907 793 1936 non
841 1894 1006 1936 minus
1054 1890 1273 1936 totidem
1321 1890 1519 1937 dierum
1566 1893 1731 1953 spatio

235 1958 612 2013 retardaretur3
686 1974 786 2020 qua
841 1974 895 2004 re
951 1960 1291 2013 circumirent,
1346 1973 1461 2004 51135
1517 1961 1731 2021 quisque

236 2024 562 2071 contraheret
580 2027 765 2086 copias.

188 2095 213 2136 3
299 2092 382 2138 Ad
423 2093 670 2154 Antigoni
714 2098 888 2138 autem
929 2090 1290 2138 refrenandum
1332 2093 1583 2153 impetum
1624 2090 1729 2138 tale

237 2162 375 2221 capit
410 2159 687 2205 consilium.
756 2159 934 2206 Certos
969 2162 1134 2205 mittit
1168 2157 1396 2204 homines
1434 2159 1498 2205 ad
1533 2158 1730 2205 infimos

298 2267 316 2291 1
345 2279 431 2318 quo
451 2265 628 2313 habeat,
648 2266 810 2317 Nipp.余
848 2266 967 2318 quod
987 2268 1128 2318 (quot,
1149 2266 1206 2305 B1
1226 2265 1281 2315 R)
1301 2264 1509 2312 habebat,
1530 2264 1664 2305 MSS.

303 2397 319 2421 1
349 2396 439 2435 The
471 2396 661 2443 soldiers,
684 2396 866 2435 because
898 2397 943 2435 of
974 2395 1049 2435 the
1080 2396 1191 2442 cold,
1223 2394 1459 2446 disobeyed
1489 2394 1728 2435 Antiochus

244 2451 331 2490 and
358 2451 470 2489 built
495 2450 591 2489 fires
618 2454 666 2489 at
691 2450 838 2501 night余
871 2451 909 2489 11
934 2463 1022 2488 was
1048 2449 1123 2488 the
1147 2448 1259 2501 light
1282 2449 1396 2488 from
1421 2448 1557 2496 these,
1583 2448 1730 2488 rather

244 2505 354 2543 than
372 2504 446 2543 the
466 2504 629 2551 smoke,
649 2504 749 2544 that
768 2503 978 2556 betrayed
995 2503 1100 2543 him.

239 2582 328 2644 588
