1802 2942
636 159 1031 214 CORNELIUS
1075 163 1296 213 NEPOS

213 293 482 342 accusandi
528 296 695 356 gratia
743 292 918 339 Conon
966 309 996 338 a
1043 290 1371 338 Pharnabazo
1419 291 1484 338 ad
1529 307 1703 355 regem

210 375 408 426 missus,
427 377 763 432 posteaquam
782 372 940 425 venit,
958 371 1178 431 primum
1197 385 1261 415 ex
1279 385 1419 415 more
1438 368 1706 416 Persarum

212 449 277 496 ad
304 446 647 503 chiliarchum,
677 449 763 510 qui
789 446 1069 492 secundum
1096 446 1311 509 gradum
1338 449 1536 508 imperii
1562 453 1707 493 tene-

209 527 318 582 bat,
355 524 686 572 Tithrausten
723 526 935 570 accessit
972 539 1130 586 seque
1168 523 1395 570 ostendit
1432 540 1547 570 cum
1583 539 1706 587 rege

159 613 184 652 3
208 603 442 666 conloqui
467 601 613 648 velle.
683 601 847 647 Nemo
874 603 1010 647 enim
1036 604 1144 646 sine
1169 599 1264 647 hoc
1291 600 1619 647 admittitur}

277 681 409 726 Huic
431 679 534 735 ille,
559 678 587 695 “
613 677 816 734 Nulla,”
840 680 1025 740 inquit,
1050 677 1079 694 “
1102 695 1244 734 mora
1268 684 1364 733 est,
1389 678 1480 724 sed
1503 685 1562 725 tu
1586 677 1708 725 deli·

211 759 352 813 bera,
373 764 545 803 utrum
566 756 800 818 conloqui
819 755 964 801 malis
986 772 1051 800 an
1070 771 1162 817 per
1181 754 1379 801 litteras
1401 771 1555 818 agere
1576 771 1708 818 quae

210 839 421 898 cogitas.
490 833 711 880 Necesse
734 839 813 879 est
835 835 988 888 enim,
1009 835 1050 878 si
1070 835 1122 878 in
1143 839 1473 894 conspectum
1493 836 1709 889 veneris,

212 914 443 959 venerari
485 918 540 958 te
584 926 761 973 regem
793 909 952 973 (quod
988 912 1308 973 προσκύνησιν
1351 908 1422 955 illi
1465 910 1710 973 vocant).²

214 990 326 1036 Hoc
366 992 406 1035 si
446 989 540 1035 tibi
580 1004 735 1051 grave
777 994 873 1043 est,
912 1003 1004 1049 per
1042 1002 1126 1032 me
1166 986 1321 1032 nihilo
1361 990 1519 1033 setius
1560 987 1710 1034 editis

212 1067 466 1114 mandatis
484 1065 716 1112 conficies
735 1064 872 1127 quod
888 1062 1118 1110 studes.''
1183 1063 1314 1111 Tum
1333 1063 1507 1111 Conon
1525 1063 1554 1081 “
1579 1064 1710 1111 Mihi

212 1143 385 1199 vero‚''
430 1147 616 1205 inquit,
662 1142 691 1158 “
715 1159 817 1188 non
865 1149 944 1188 est
988 1158 1144 1204 grave
1191 1145 1420 1204 quemvis
1466 1141 1710 1188 honorem

213 1221 404 1268 habere
422 1224 550 1284 regi,
569 1220 660 1266 sed
678 1235 855 1266 vereor
874 1235 939 1265 ne
958 1222 1154 1265 civitati
1174 1235 1323 1265 meae
1342 1222 1408 1265 sit
1423 1220 1711 1282 opprobrio,

213 1302 271 1355 si,
307 1315 423 1345 cum
460 1314 523 1344 ex
561 1313 621 1343 ea
657 1300 750 1343 sim
785 1295 1045 1359 profectus
1082 1312 1214 1359 quae
1250 1299 1433 1343 ceteris
1469 1298 1710 1360 gentibus

211 1380 464 1438 imperare
502 1377 775 1430 consuerit,
812 1377 982 1436 potius
1019 1374 1351 1420 barbarorum
1390 1390 1543 1436 quam
1578 1374 1710 1422 illius

212 1469 353 1500 more
398 1450 633 1516 fungar.”
703 1451 887 1515 Itaque
934 1467 1065 1514 quae
1110 1450 1227 1498 huic
1272 1450 1478 1499 volebat
1522 1454 1710 1515 scripta

211 1530 443 1579 tradidit.

275 1607 324 1657 4.
362 1607 557 1665 Quibus
599 1609 833 1669 cognitis,
875 1622 966 1652 rex
1007 1612 1213 1653 tantum
1254 1609 1562 1653 auctoritate
1603 1609 1710 1654 eius

212 1693 381 1731 motus
417 1691 512 1740 est,
546 1691 606 1730 ut
641 1691 694 1730 et
727 1682 1119 1745 Tissaphernem
1152 1681 1354 1729 hostem
1387 1684 1623 1731 iudicarit
1656 1691 1712 1731 et

214 1761 644 1808 Lacedaemonios
662 1760 796 1807 bello
813 1763 1051 1823 persequi
1067 1763 1270 1806 iusserit
1289 1767 1342 1806 et
1361 1763 1407 1806 ei
1423 1764 1711 1823 permiserit

214 1855 368 1902 quem
393 1838 549 1885 vellet
574 1838 763 1901 eligere
789 1837 855 1884 ad
880 1837 1272 1899 dispensandam
1296 1841 1580 1899 pecuniam.
1649 1838 1711 1886 Id

215 1917 480 1962 arbitrium
500 1914 674 1962 Conon
692 1917 901 1978 negavit
930 1917 1005 1960 sui
1037 1930 1146 1961 esse
1177 1914 1385 1970 consilii,
1416 1915 1507 1961 sed
1535 1918 1710 1978 ipsius,

216 1997 301 2055 qui
346 1996 538 2055 optime
583 2009 698 2039 suos
743 2007 890 2038 nosse
936 1991 1178 2047 deberet3
1242 1992 1333 2038 sed
1377 2008 1431 2039 se
1477 1993 1710 2049 suadere,

165 2077 189 2114 2
214 2066 540 2117 Pharnabazo
568 2069 621 2116 id
649 2072 844 2133 negotii
873 2069 1035 2115 daret.
1103 2068 1237 2115 Hinc
1265 2072 1462 2132 magnis
1491 2073 1711 2117 muneri-

277 2199 294 2224 ¹
322 2211 449 2238 nemo
480 2229 489 2238 .
524 2228 533 2237 .
566 2228 575 2237 .
607 2197 872 2244 admittitur,
914 2201 990 2247 put
1028 2196 1132 2249 after
1171 2201 1333 2236 vocant
1373 2197 1422 2248 by
1463 2196 1584 2238 Cobet
1595 2213 1606 2246 ;
1659 2198 1710 2250 by

220 2252 350 2293 others
371 2252 476 2303 after
495 2265 655 2303 regem,
679 2251 869 2301 omittinq
891 2251 1009 2302 quod
1041 2281 1049 2290 .
1083 2281 1093 2290 .
1127 2280 1136 2289 .
1168 2255 1343 2290 vocant.

275 2307 291 2330 ²
321 2307 439 2357 quod
470 2336 479 2345 .
513 2336 522 2345 .
556 2335 565 2344 .
597 2309 775 2351 vocant,
795 2304 961 2345 omitted
981 2304 1032 2354 by
1060 2304 1275 2357 Wo'lflinn.

280 2455 295 2478 1
325 2454 414 2492 The
448 2453 586 2504 king's
620 2452 888 2503 bodyguard,
919 2453 993 2491 the
1025 2452 1263 2503 μηλοφόροι,
1292 2466 1339 2492 so
1366 2453 1502 2492 called
1528 2453 1709 2494 because

224 2508 299 2547 the
319 2507 441 2547 butts
462 2507 506 2546 of
525 2507 637 2546 their
655 2519 800 2559 spears
819 2519 928 2545 were
947 2507 1137 2546 adorned
1156 2507 1262 2546 with
1280 2507 1435 2558 golden
1453 2507 1614 2560 apples.

220 2597 312 2642 470
