1802 2942
666 175 1060 223 CORNELIUS
1106 174 1326 223 NEPOS

732 323 818 370 IV.
855 321 1244 370 PAUSANIAS

305 411 354 465 1.
390 413 662 461 Pausanias
707 413 1139 461 Lacedaemonius
1181 429 1396 477 magnus
1438 411 1608 469 homo,
1643 413 1734 461 sed

242 485 405 528 varius
433 485 484 527 in
513 485 649 527 omni
677 497 865 544 genere
895 484 1030 527 vitae
1059 479 1184 535 fuit3
1230 497 1349 526 nam
1377 487 1436 527 ut
1463 481 1732 527 virtutibus

191 555 215 593 2
241 549 417 604 eluxit,
452 552 521 594 sic
555 552 686 594 vitiis
731 555 809 594 est
845 548 1070 594 obrutus.
1140 547 1303 594 Huius
1345 547 1734 594 illustrissimum

243 623 321 662 est
373 615 620 678 proelium
674 615 809 677 apud
861 614 1112 661 Plataeas.
1182 614 1416 677 Namque
1468 614 1553 661 illo
1605 614 1734 661 duce

243 683 557 737 Mardonius,
601 689 827 744 satrapes
871 685 1058 745 regius,
1101 684 1309 728 natione
1354 680 1560 737 Medus,
1600 684 1734 744 regis

242 766 416 813 gener,
440 754 492 795 in
516 752 687 811 primis
713 752 938 795 omnium
963 748 1230 794 Persarum
1256 755 1310 795 ei:
1332 765 1489 794 manu
1512 746 1655 794 fortis
1682 755 1736 795 ei:

242 817 432 863 consilii
487 817 684 878 plenus,
740 832 856 862 cum
912 815 994 862 CC
1048 815 1248 861 milibus
1304 815 1555 878 peditum,
1610 831 1734 878 quos

242 887 428 930 viritim
473 883 688 946 legerat,
735 889 789 929 et
832 882 931 928 XX
977 886 1208 945 equitum
1250 881 1390 928 haud
1432 885 1507 928 ita
1549 898 1737 945 magna

241 968 396 997 manu
430 950 675 996 Graeciae
708 948 915 1013 fugatus
950 957 1045 1005 est,
1080 965 1243 1012 eoque
1275 952 1384 1012 ipse
1417 949 1522 996 dux
1554 949 1737 996 cecidit

188 1026 214 1065 3
238 1018 442 1081 proelio.
513 1017 627 1076 Qua
652 1020 861 1063 Victoria
886 1016 1067 1072 elatus,
1091 1016 1308 1079 plurima
1331 1019 1542 1063 miscere
1567 1019 1736 1079 coepit

243 1093 297 1131 et
346 1088 536 1130 maiora
586 1087 954 1146 concupiscere.
1025 1082 1126 1130 Sed
1174 1087 1394 1146 primum
1442 1086 1495 1129 in
1546 1099 1606 1130 eo
1658 1090 1735 1130 esi:

240 1151 594 1214 reprehensus,
646 1151 819 1213 quod1
871 1167 934 1197 ex
983 1150 1174 1213 praeda
1222 1150 1477 1213 tripodem
1527 1166 1736 1197 aureum

242 1218 454 1281 Delphis
512 1221 763 1281 posuisset
821 1221 1190 1281 epigrammate
1247 1217 1473 1279 script0,2
1528 1220 1581 1263 in
1636 1233 1737 1280 quo

240 1285 367 1332 haec
422 1293 532 1332 erat
585 1287 870 1332 sententia:
941 1301 1031 1331 suo
1085 1285 1244 1331 ductu
1294 1284 1534 1331 barbaros
1602 1284 1738 1346 apud

242 1353 476 1399 Plataeas
505 1369 615 1399 esse
642 1352 837 1399 deletos
867 1354 1076 1414 eiusque
1102 1353 1341 1398 victoriae
1369 1367 1490 1414 ergo
1516 1351 1737 1413 Apollini

239 1420 331 1467 id3
398 1420 587 1466 donum
652 1420 867 1466 dedisse.
937 1418 1044 1465 Hos
1109 1435 1280 1464 versus
1346 1417 1737 1465 Lacedaemonii

242 1487 627 1549 exsculpserunt
655 1502 823 1549 neque
853 1485 990 1532 aliud
1017 1488 1325 1547 scripserunt
1353 1502 1507 1548 quam
1534 1489 1738 1532 nomina

242 1571 417 1601 earum
445 1557 709 1600 civitatum
737 1570 950 1615 quarum
978 1552 1163 1599 auxilio
1191 1552 1376 1599 Persae
1405 1559 1550 1598 erant
1577 1556 1711 1599 victi.

306 1619 354 1671 2.
391 1621 511 1667 Post
569 1621 622 1667 id
678 1620 926 1683 proelium
985 1620 1205 1666 eundem
1263 1619 1566 1665 Pausaniam
1623 1636 1738 1666 cum

242 1688 399 1734 classe
433 1691 687 1734 communi
721 1688 944 1751 Cyprum
978 1694 1133 1749 atque
1168 1686 1559 1749 Hellespontum
1590 1689 1739 1733 mise-

242 1763 378 1811 runt,
431 1762 489 1801 ut
542 1771 606 1801 ex
657 1758 715 1800 iis
767 1755 1056 1817 regionibus
1107 1754 1437 1800 barbarorum
1487 1754 1739 1816 praesidia

191 1828 216 1866 2
241 1822 539 1884 depelleret.
609 1821 724 1883 Pari
755 1820 1003 1867 felicitate
1035 1823 1087 1866 in
1120 1837 1181 1866 ea
1212 1836 1267 1867 re
1300 1837 1436 1876 usus,
1470 1820 1650 1867 elatius
1683 1837 1738 1868 se

242 1905 421 1952 gerere
456 1892 625 1951 coepit
659 1892 977 1951 maioresque
1013 1895 1259 1950 appetere
1292 1904 1388 1934 res.
1458 1887 1589 1933 Nam
1623 1904 1738 1934 cum

242 1957 489 2020 Byzantio
536 1958 1097 2019 expugnatqcepisset
1143 1954 1424 2017 complures
1471 1954 1757 2004 Persarum.

308 2097 324 2121 1
354 2097 487 2159 quod,
506 2110 534 2135 u
551 2097 637 2136 and
653 2110 763 2136 some
780 2095 957 2148 inferior
974 2094 1133 2142 MSS.;
1167 2095 1287 2147 quod
1304 2107 1419 2142 cum,
1436 2095 1473 2134 A
1494 2095 1533 2135 B
1551 2093 1604 2134 M
1619 2095 1659 2135 Ρ
1675 2095 1735 2142 R;

249 2152 576 2255 ωἶῃίῐῖὲρἰἷέὲο,
599 2204 684 2242 cod.
717 2203 807 2242 ναι.
833 2203 957 2250 3170,
979 2201 1117 2242 Fleck.

305 2259 322 2282 ³
351 2259 412 2304 id,
435 2258 567 2297 added
589 2257 639 2307 by
661 2257 800 2296 Fleck.

305 2408 321 2431 1
351 2406 404 2446 In
434 2405 593 2457 reality
625 2405 679 2445 he
713 2419 800 2446 was
830 2419 856 2445 a
889 2405 1066 2446 Persian
1095 2404 1182 2444 and
1210 2404 1459 2444 son-in-law
1489 2403 1534 2444 of
1563 2404 1735 2451 Darius,

249 2461 393 2500 father
416 2461 460 2500 of
483 2460 663 2499 Xerxes.

306 2512 322 2536 ²
353 2511 443 2550 The
464 2511 622 2549 bronze
644 2513 837 2561 serpents
859 2508 959 2548 that
981 2506 1218 2559 supported
1238 2506 1313 2545 the
1334 2505 1494 2557 tripod‚
1516 2504 1729 2545 inscribed

252 2579 308 2606 on
333 2565 444 2604 ‘cheir
469 2564 571 2603 coils
597 2563 704 2603 with
728 2563 803 2603 the
828 2575 976 2602 names
1002 2562 1050 2601 of
1070 2561 1144 2601 the
1170 2561 1304 2607 cities,
1331 2573 1403 2599 are
1427 2572 1524 2598 now
1548 2560 1593 2598 in
1617 2558 1724 2599 Con·

249 2679 337 2721 412
