1747 2912
549 156 603 202 L.
656 155 991 203 ANNAEUS
1043 154 1313 202 FLORUS

125 289 150 327 2
185 289 413 344 tempore
450 286 652 346 utrique
689 300 824 329 arma
860 289 1140 330 moverunt.
1216 282 1316 329 Sed
1342 286 1476 345 prior
1499 286 1674 346 iugum

188 387 381 430 excutit
419 383 649 441 Macedo,
675 384 932 447 aliquanto
966 400 1116 446 quam
1146 390 1266 430 ante
1302 387 1514 445 gravior,
1552 384 1672 431 dum

128 491 153 531 3
191 489 545 531 contemnitur.
662 485 820 531 Causa
894 485 1017 531 belli
1086 500 1243 546 prope
1314 485 1669 532 erubescenda.

189 586 390 648 Quippe
415 603 628 648 regnum
654 587 843 648 pariter
881 593 934 632 et
970 585 1162 632 bellum
1186 589 1259 631 vir
1295 585 1503 632 ultimae
1530 591 1674 633 sortis

186 687 460 733 Andriscus
505 691 772 744 invaserat,
812 687 1021 733 dubium
1062 686 1187 731 liber
1226 702 1291 730 an
1327 701 1514 741 servus,
1551 703 1676 733 mer-

187 792 450 835 cennarius
511 794 684 842 certe;
755 787 843 834 sed
902 791 1019 850 quia
1077 786 1229 848 vulgo
1290 786 1553 849 Philippus
1613 804 1676 834 ex

189 889 518 936 similitudine
562 889 781 951 Philippi
820 888 999 935 Persae
1037 887 1125 933 filii
1150 886 1460 944 vocabatur,1
1484 891 1676 950 regiam

186 991 411 1047 formam,
471 993 667 1052 regium
728 1007 930 1047 nomen,
989 993 1212 1034 animum
1274 1005 1474 1051 quoque
1543 993 1675 1052 regis

192 1094 437 1155 implevit.
513 1093 674 1156 Igitur
711 1092 829 1138 dum
869 1091 993 1138 haec
1019 1095 1125 1154 ipsa
1150 1096 1435 1139 contemnit
1459 1091 1674 1154 populus

190 1194 455 1252 Romanus,
502 1195 734 1241 Iuventio
775 1199 1008 1255 praetore
1045 1200 1334 1250 contentus,
1373 1196 1534 1239 virum
1570 1209 1673 1238 non

188 1295 529 1342 Macedonicis
584 1295 734 1341 modo
782 1294 871 1341 sed
927 1293 1168 1341 Thraciae
1224 1310 1426 1357 quoque
1479 1293 1675 1339 auxiliis

186 1398 479 1459 ingentibus
507 1396 728 1442 validum
754 1403 949 1442 temere
970 1399 1258 1458 temptavit,
1279 1399 1596 1457 invictusque
1612 1393 1631 1423 ²
1647 1412 1675 1440 a

186 1502 315 1544 veris
352 1499 571 1560 regibus,
611 1499 674 1544 ab
711 1497 797 1543 illo
834 1500 1128 1559 imaginario
1179 1504 1233 1543 et
1282 1499 1512 1543 scaenico
1553 1512 1675 1557 rege

193 1607 456 1662 superatus
490 1607 581 1646 est.
657 1599 759 1645 Sed
792 1599 967 1644 consul
1011 1598 1254 1645 Metellus
1289 1601 1526 1644 amissum
1561 1614 1674 1645 cum

186 1700 388 1762 legione
436 1707 721 1762 praetorem
771 1699 1061 1762 plenissime
1105 1699 1240 1746 ultus
1289 1706 1381 1749 est.
1455 1698 1585 1745 Nam
1622 1706 1675 1747 et

188 1802 539 1848 Macedoniam
595 1805 839 1848 servitute
901 1801 1136 1848 multavit
1190 1807 1244 1848 et
1296 1801 1477 1847 ducem
1537 1801 1673 1858 belli,

185 1903 416 1949 deditum
441 1905 503 1949 ab
529 1919 589 1949 eo
621 1903 686 1948 ad
715 1919 867 1965 quem
891 1903 1189 1964 confugerat
1213 1902 1456 1948 Thraciae
1481 1901 1674 1964 regulo,

185 2008 238 2049 in
264 2005 438 2050 urbem
465 2007 516 2049 in
543 2007 734 2050 catenis
759 2003 978 2060 reduxit,
1005 2003 1099 2049 hoc
1125 2019 1324 2066 quoque
1358 2002 1431 2048 illi
1455 2006 1508 2048 in
1531 2002 1673 2050 malis

186 2109 285 2151 suis
310 2105 611 2166 indulgente
638 2104 854 2161 fortuna,
879 2111 937 2150 ut
974 2104 1037 2151 de
1075 2121 1134 2150 eo
1170 2103 1384 2167 populus
1425 2104 1673 2151 Romanus

187 2211 326 2270 quasi
352 2207 415 2252 de
443 2223 562 2269 rege
589 2223 706 2252 vero
731 2207 1079 2269 triumpharet.

243 2344 259 2369 ²
289 2345 521 2396 Philippus
542 2358 595 2384 ex
616 2344 907 2384 similitudine
928 2344 1123 2396 Philippi
1145 2344 1302 2384 Persae
1331 2343 1412 2384 filii
1431 2343 1671 2385 vocabatur

189 2400 432 2448 Sauppius:
467 2399 692 2450 philippus
713 2411 864 2450 persae
886 2397 999 2437 filius
1020 2398 1337 2439 vocabaturB:
1371 2398 1597 2450 philippus
1617 2411 1671 2437 ex

187 2452 478 2546 {vi-‘Eilit'ufflne
496 2453 685 2505 philippi
707 2452 873 2505 pseudo
893 2451 1071 2505 filippus
1093 2453 1337 2505 (philippus
1357 2453 1410 2501 L)
1430 2452 1672 2493 vocabatur

191 2598 282 2643 134
