1802 2942
632 120 1027 170 CORNELIUS
1074 119 1295 169 NEPOS

212 257 419 315 impune
458 250 627 297 facere
666 250 923 313 fidemque
963 250 1027 297 de
1068 265 1129 296 ea
1166 265 1221 295 re
1260 264 1401 295 more
1440 247 1707 295 Persarum

160 341 187 378 2
213 334 396 381 dextra
433 332 674 379 dedisset.
743 330 890 377 Hanc
927 337 987 377 ut
1025 332 1222 392 accepit
1260 346 1290 375 a
1325 345 1449 392 rege
1485 332 1707 385 missam,

212 416 380 476 copias
406 419 555 475 parat
583 418 637 458 et
663 412 845 458 absens
874 413 1149 457 amicitiam
1175 427 1291 457 cum
1318 409 1542 456 Datame
1567 408 1708 465 facit,

211 498 345 557 regis
391 495 672 556 provincias
721 499 893 548 vexat,
927 491 1138 538 castella
1185 497 1467 554 expugnat,
1498 507 1708 554 magnas

212 575 427 638 praedas
459 577 613 636 capit,
645 590 859 636 quarum
888 575 1077 635 partim
1107 575 1208 618 suis
1239 572 1494 633 dispertit,
1522 575 1709 633 partim

216 656 280 703 ad
307 656 567 702 Datamen
593 657 784 709 mittit3
829 656 939 716 pari
964 653 1115 700 modo
1143 651 1402 715 complura
1428 651 1637 698 castella
1663 654 1709 698 ei

159 746 187 785 3
211 737 385 784 tradit.
468 735 611 781 Haec
668 735 755 781 diu
810 732 1047 780 faciundo
1102 736 1355 796 persuasit
1409 732 1601 779 homini
1654 748 1708 779 se

213 817 469 863 infinitum
514 816 752 862 adversus
796 831 973 878 regem
1017 817 1297 876 suscepisse
1341 813 1550 869 bellum,
1595 830 1710 860 cum

214 897 368 944 nihilo
412 900 592 960 magis,
637 912 702 942 ne
747 912 901 959 quam
945 898 1281 957 suspicionem
1324 894 1395 940 illi
1438 894 1710 956 praeberet

213 978 525 1033 insidiarum,
555 993 724 1040 neque
760 976 1065 1039 colloquium
1096 979 1202 1022 eius
1239 978 1424 1037 petivit
1459 991 1628 1038 neque
1658 977 1711 1020 in

212 1065 543 1121 conspectum
586 1061 758 1104 venire
802 1057 1016 1103 studuit.
1085 1055 1164 1103 Sic
1209 1057 1390 1102 absens
1436 1059 1710 1102 amicitiam

215 1140 447 1204 gerebat,
473 1145 531 1185 ut
556 1155 658 1184 non
683 1137 940 1184 beneficiis
966 1140 1175 1192 mutuis,
1200 1137 1292 1183 sed
1316 1139 1571 1183 communi
1595 1136 1710 1183 odio

212 1220 352 1284 quod
375 1236 495 1283 erga
517 1235 694 1282 regem
715 1225 1046 1281 susceperant
1067 1220 1316 1264 contineri
1336 1218 1646 1264 viderentur.

280 1299 360 1349 11.
400 1300 461 1347 Id
503 1317 618 1346 cum
661 1302 783 1346 satis
828 1315 882 1346 se
925 1298 1247 1346 confirmasse
1293 1299 1568 1345 arbitratus
1613 1305 1711 1354 est,

212 1385 484 1428 certiorem
523 1379 646 1427 facit
685 1380 946 1427 Datamen
984 1386 1188 1442 tempus
1229 1395 1340 1425 esse
1378 1381 1594 1425 maiores
1630 1395 1711 1426 res

217 1466 383 1526 parari
410 1469 464 1508 et
488 1461 680 1508 bellum
705 1478 821 1507 cum
846 1464 955 1523 ipso
981 1476 1104 1524 rege
1130 1463 1332 1522 suscipi,
1358 1459 1526 1523 deque
1554 1476 1615 1506 ea
1638 1475 1712 1515 re,

217 1545 258 1590 si
284 1546 330 1589 ei
354 1543 631 1598 videretur,
656 1558 755 1605 quo
779 1541 888 1588 loco
913 1540 1069 1587 vellet
1092 1544 1145 1587 in
1168 1540 1474 1603 colloquium
1497 1543 1710 1587 veniret.

217 1623 439 1670 Probata
458 1640 531 1679 re,
547 1622 866 1685 colloquendi
886 1629 1090 1683 tempus
1112 1624 1328 1668 sumitur
1350 1620 1589 1684 locusque
1611 1638 1711 1684 quo

162 1712 190 1749 2
214 1708 583 1751 conveniretur.
654 1702 768 1749 Huc
790 1701 1119 1749 Mithridates
1139 1719 1255 1748 cum
1272 1719 1373 1748 uno
1392 1705 1472 1748 cui
1489 1705 1712 1748 maxime

217 1784 443 1832 habebat
490 1784 644 1830 fidem
691 1791 813 1830 ante
861 1783 1055 1847 aliquot
1102 1782 1209 1829 dies
1257 1785 1399 1829 venit
1445 1782 1712 1845 compluri-

218 1867 414 1928 busque
457 1865 577 1912 locis
622 1867 898 1927 separatim
942 1863 1136 1927 gladios
1181 1863 1351 1910 obruit
1395 1879 1559 1926 eaque
1603 1863 1713 1910 loca

216 1946 491 2010 diligenter
525 1952 689 1992 notat..
758 1945 875 2008 Ipso
911 1951 1086 1991 autem
1121 1943 1356 2007 colloquii
1390 1943 1473 1990 die
1508 1947 1712 2007 utrique

218 2027 384 2074 locum
440 2030 526 2089 qui
583 2025 909 2089 explorarent
964 2032 1121 2088 atque
1175 2027 1310 2087 ipsos
1365 2031 1713 2072 scrutarentur

219 2112 462 2162 mittunt3
508 2107 693 2154 deinde
720 2109 815 2169 ipsi
842 2112 962 2152 sunt
988 2108 1259 2168 congressi.

285 2255 301 2278 1
331 2253 420 2292 The
450 2264 692 2302 messenger
720 2263 829 2302 gave
859 2250 925 2290 his
955 2249 1070 2301 right
1099 2249 1218 2289 hand
1245 2253 1294 2289 to
1323 2249 1532 2289 Datames
1561 2263 1609 2288 as
1636 2250 1712 2289 the

227 2307 367 2359 king’s
400 2306 761 2357 representative3
811 2303 865 2343 cf.
900 2304 1064 2344 Justin.
1100 2305 1157 2343 xi.
1196 2305 1260 2344 15.
1295 2305 1335 2350 3,
1370 2304 1570 2342 dextram
1602 2304 1709 2349 fert;

229 2361 341 2401 Xen.
387 2359 538 2411 Cyrop.
573 2360 631 2398 iv,
678 2360 717 2397 2.
754 2360 792 2404 7,
826 2358 937 2409 φέρει
980 2357 1130 2408 δεξιάνς
1179 2360 1261 2396 ete.
1333 2356 1423 2396 The
1455 2360 1625 2396 custom
1667 2357 1712 2397 of

225 2415 406 2465 sending
431 2426 456 2452 a
481 2412 822 2464 representation
847 2412 892 2451 os
916 2424 942 2451 a
967 2411 1086 2451 hand
1112 2423 1159 2450 as
1185 2423 1211 2449 a
1235 2409 1370 2450 token
1395 2410 1513 2462 (Tac.
1539 2409 1585 2449 H
1590 2410 1655 2450 ist.
1679 2411 1708 2450 i.

227 2472 302 2514 54;
338 2469 382 2507 ii.
406 2470 446 2516 8)
466 2467 501 2506 is
521 2480 547 2506 a
565 2466 676 2506 later
695 2478 790 2506 one.

223 2546 312 2607 528
