1802 2942
646 176 1040 224 CORNELIUS
1084 175 1305 224 NEPOS

223 307 276 350 in
309 320 410 366 qua
440 310 553 350 tum
584 303 873 350 Alcibiades
907 310 1018 350 erat
1049 303 1176 350 dant
1206 306 1472 367 negotium
1503 310 1563 350 ut
1595 320 1713 351 eum

222 371 547 417 interficiant.
615 371 712 426 Illi,
747 388 862 417 cum
896 369 1029 416 ferro
1065 370 1277 433 aggredi
1310 387 1412 417 non
1447 371 1712 428 auderent,

222 445 378 484 noctu
419 438 558 501 ligna
597 437 923 484 contulerunt
956 441 1086 483 circa
1126 454 1296 483 casam
1337 439 1492 493 eam‚1
1525 441 1579 484 in
1612 455 1714 501 qua

224 506 538 567 quiescebat,
572 521 788 567 eamque
821 505 1210 560 succenderunt,
1242 511 1302 550 ut
1332 505 1566 551 incendio
1598 522 1714 551 con-

173 580 197 618 5
223 571 450 628 ficerent,
472 588 626 635 quem
647 588 802 617 manu
823 575 1050 633 superari
1070 588 1217 634 posse
1239 571 1552 618 diffidebant.
1622 571 1713 618 Ille

224 646 400 685 autem
429 647 488 686 ut
516 643 686 685 sonitu
714 638 949 685 flammae
981 646 1060 685 est
1089 642 1359 693 excitatus,
1391 642 1487 685 etsi
1516 638 1713 702 gladius

225 709 271 752 ei
325 713 436 753 erat
486 707 782 762 subductus,
833 705 1090 752 familiaris
1142 708 1219 752 sui
1268 705 1500 751 subalare
1551 706 1713 752 telum

225 776 426 835 eripuit.
495 773 729 836 Namque
765 780 876 819 erat
909 789 1024 819 cum
1060 789 1120 818 eo
1155 773 1363 835 quidam
1397 789 1462 819 ex
1495 773 1715 820 Arcadia

223 839 423 902 hospes,
475 844 561 903 qui
611 857 889 903 numquam
940 840 1200 886 discedere
1250 839 1495 886 voluerat.
1564 840 1714 887 Hunc

223 911 367 969 sequi
404 924 457 954 se
493 908 639 953 iubet
676 914 730 954 et
765 908 818 954 id
855 907 992 969 quod
1026 911 1079 952 in
1114 910 1407 968 praesentia
1442 910 1715 953 vestimen-

222 981 392 1020 torum
427 973 525 1020 fuit
561 975 762 1036 adripit.
831 974 923 1020 His
958 977 1010 1019 in
1043 977 1217 1037 ignem
1253 977 1444 1029 eiectis,
1479 973 1713 1021 flammae

171 1048 196 1088 6
220 1045 321 1087 vim
351 1045 567 1087 transiit.
638 1041 806 1100 Quem
836 1048 895 1087 ut
924 1041 1127 1087 barbari
1156 1041 1447 1087 incendium
1479 1040 1713 1104 effugisse

223 1109 474 1164 viderunt,
500 1109 614 1155 telis
645 1112 840 1155 eminus
872 1112 1033 1154 missis
1065 1107 1433 1154 interfecerunt
1457 1116 1714 1171 caputque

223 1179 328 1221 eius
362 1176 427 1222 ad
458 1175 842 1222 Pharnabazum
872 1175 1199 1222 rettulerunt.
1267 1176 1341 1221 At
1370 1175 1551 1221 mulier
1582 1192 1714 1239 quae

221 1260 336 1288 cum
380 1259 440 1289 eo
483 1247 651 1289 vivere
695 1250 963 1289 consuerat
1004 1243 1239 1288 muliebri
1280 1259 1371 1289 sua
1413 1249 1556 1289 veste
1598 1259 1714 1289 con-

219 1317 434 1365 tectum,
475 1310 689 1357 aedificii
726 1310 959 1356 incendio
998 1317 1257 1356 mortuum
1294 1313 1539 1356 cremavit
1577 1310 1714 1373 quod

220 1377 287 1423 ad
345 1380 514 1422 vivum
572 1377 970 1424 interimendum
1031 1384 1142 1423 erat
1200 1384 1565 1439 comparatum.
1634 1376 1713 1424 Sic

220 1444 510 1490 Alcibiades
569 1461 725 1491 annos
782 1448 981 1491 circiter
1036 1444 1132 1490 XL
1187 1451 1337 1490 natus
1395 1444 1532 1491 diem
1587 1445 1714 1492 obiit

218 1527 527 1573 supremum.

282 1577 363 1629 11.
400 1579 550 1625 Hunc
586 1577 891 1624 infamatum
932 1595 961 1623 a
998 1577 1252 1640 plerisque
1291 1584 1395 1624 tres
1434 1579 1713 1640 gravissimi

217 1643 441 1692 historici
482 1649 689 1692 summis
724 1646 957 1692 laudibus
996 1645 1319 1691 extulerunt:
1372 1644 1712 1708 Thucydides,

219 1716 305 1774 qui
328 1713 556 1759 eiusdem
577 1717 762 1759 aetatis
784 1712 898 1768 fuit,
919 1711 1294 1774 Theopompus,
1315 1719 1431 1774 post
1452 1712 1712 1775 aliquanto

217 1787 386 1835 natus,
410 1787 464 1826 et
484 1780 720 1826 Timaeus
737 1795 748 1835 ;
789 1783 875 1841 qui
898 1780 1105 1842 quidem
1126 1780 1225 1826 duo
1247 1779 1712 1825 maledicentissimi

217 1850 385 1893 nescio
410 1864 509 1910 quo
532 1848 683 1894 modo
706 1850 759 1892 in
781 1847 864 1893 illo
889 1864 988 1893 uno
1020 1847 1274 1893 laudando
1307 1847 1710 1893 consenserunt.2

165 1919 189 1956 2
215 1913 449 1977 Namque
471 1931 533 1960 ea
553 1931 684 1977 quae
706 1931 857 1976 supra
877 1917 1163 1976 scripsimus
1184 1914 1248 1960 de
1271 1930 1330 1960 eo
1350 1914 1711 1975 praedicarunt

217 1988 374 2044 atque
420 1981 514 2028 hoc
560 1981 803 2044 amplius:
865 1998 981 2028 cum
1026 1980 1263 2037 Athenis,
1307 1981 1712 2043 splendidissima

273 2113 290 2137 1
320 2126 464 2152 casam
484 2126 595 2159 eam,
611 2112 849 2163 Skoppiu33
881 2125 1132 2159 sammeam,
1147 2112 1260 2151 Dan.
1274 2111 1313 2151 A
1328 2112 1367 2151 P
1382 2117 1425 2159 θ;
1455 2113 1708 2159 samineam,

215 2166 269 2206 M
286 2166 324 2205 R
341 2175 391 2213 λ;
428 2180 656 2213 sarmeam,
677 2167 727 2205 B.

271 2220 287 2243 ²
317 2224 640 2266 consenserunt,
674 2220 734 2266 R3
789 2220 1074 2266 comcierunt,
1109 2218 1163 2258 M
1179 2232 1230 2265 u;
1281 2222 1558 2265 consuerunt,
1591 2217 1707 2259 Dan.

214 2273 253 2312 A
274 2287 302 2312 u
327 2274 373 2312 in
396 2274 582 2324 maryim
624 2277 955 2320 consueverunt,
980 2273 1041 2319 P;
1082 2273 1376 2318 consentiunt,
1400 2272 1553 2319 Halm3
1594 2276 1677 2312 etc.

273 2420 290 2445 ²
320 2421 423 2467 Lit„
447 2421 471 2437 “
490 2434 516 2460 a
537 2434 716 2473 weapon
739 2422 903 2460 carried
925 2421 1061 2460 under
1082 2421 1157 2460 the
1179 2420 1317 2460 arm.”

273 2475 289 2499 ²
317 2475 421 2514 This
435 2475 574 2514 friend
589 2477 625 2514 is
641 2475 891 2514 mentioned
906 2474 965 2525 by
980 2475 1124 2526 Nepos
1140 2474 1286 2520 alone;
1315 2474 1369 2514 cf.
1387 2474 1502 2513 Plut.
1519 2473 1611 2513 Alc.
1629 2474 1697 2514 31.

271 2528 287 2552 ³
317 2528 385 2567 He
406 2542 492 2568 was
513 2533 560 2568 at
580 2529 690 2569 least
709 2528 945 2580 forty-five.
1700 2563 1704 2567 .

217 2607 307 2666 456
