1802 2942
655 168 1049 217 CORNELIUS
1095 157 1316 216 NEPOS

235 297 499 360 singularis
531 299 766 358 potentia
800 303 853 342 et
885 295 1173 341 miseranda
1204 298 1327 350 vita,
1359 297 1446 357 qui
1478 310 1532 341 se
1563 296 1725 342 metui

184 383 209 422 6
234 391 389 438 quam
406 376 562 419 amari
577 372 792 428 malunt,
808 375 962 418 cuivis
977 371 1125 418 facile
1141 371 1407 418 intellectu
1421 370 1535 418 fuit.
1571 371 1726 417 Nam-

238 468 337 515 que
362 453 517 513 ipsius
533 451 553 481 1
579 450 833 505 custodes,
858 451 898 495 si
922 451 1142 511 propitia
1159 449 1179 479 2
1205 447 1422 495 fuissent
1445 448 1727 505 voluntate,

235 527 426 575 foribus
465 526 682 573 effractis
730 542 930 572 servare
979 543 1096 573 eum
1143 528 1448 588 potuissent,
1485 525 1622 588 quod
1655 524 1728 571 illi

234 608 453 652 inermes
474 604 637 650 telum
657 603 775 650 foris
797 603 1090 666 flagitantes
1111 606 1280 650 vivum
1300 603 1566 650 tenebant.
1634 601 1728 649 Cui

236 699 352 730 cum
393 689 708 728 succurreret
747 697 916 736 nemo,
959 680 1097 743 Lyco
1139 680 1347 743 quidam
1386 679 1729 743 Syracusanus

236 776 328 822 per
365 758 615 805 fenestras
653 757 879 821 gladium
918 757 1079 813 dedit,
1117 774 1217 820 quo
1257 757 1392 803 Dion
1427 755 1730 803 interfectus

238 843 332 883 est.

300 912 380 962 10.
419 911 665 958 Confecta
693 911 868 967 caede,
897 928 1012 958 cum
1039 910 1315 957 multitudo
1342 911 1538 957 visendi
1564 913 1731 974 gratia

238 993 514 1044 introisset,
541 989 767 1035 nonnulli
795 989 858 1035 ab
884 991 1050 1035 insciis
1076 1005 1167 1051 pro
1194 991 1354 1035 noxiis
1381 988 1728 1035 conciduntur.

236 1067 367 1114 Nam
392 1066 543 1113 celeri
566 1082 766 1113 rumore
792 1066 949 1113 dilato
968 1066 988 1095 3
1015 1066 1167 1112 Dioni
1192 1068 1293 1111 vim
1318 1066 1560 1121 adlatam,
1582 1065 1732 1111 multi

237 1151 612 1199 concurrerant,
666 1144 847 1206 quibus
900 1143 1004 1189 tale
1057 1141 1250 1189 facinus
1303 1143 1619 1205 displicebat.
1687 1142 1731 1188 Ii

237 1220 364 1268 falsa
420 1224 702 1283 suspicione
759 1221 899 1267 ducti
954 1223 1283 1267 immerentes
1340 1228 1399 1267 ut
1459 1220 1732 1266 sceleratos

187 1305 211 1343 2
236 1299 487 1345 occidunt.
557 1298 720 1344 Huius
765 1298 829 1344 de
872 1305 1037 1344 morte
1081 1304 1140 1344 ut
1183 1297 1355 1360 palam
1398 1296 1592 1344 factum
1635 1304 1732 1354 est,

237 1375 536 1422 mirabiliter
554 1375 690 1438 vulgi
707 1381 910 1421 mutata
929 1382 1007 1421 est
1025 1375 1258 1421 voluntas
1275 1390 1287 1430 3
1323 1391 1441 1421 nam
1461 1377 1546 1437 qui
1563 1377 1732 1422 vivum

241 1470 358 1500 eum
379 1460 655 1516 tyrannum
676 1455 977 1508 vocitarant,
1001 1452 1168 1498 eidem
1188 1451 1514 1498 liberatorem
1533 1455 1732 1515 patriae

240 1533 548 1594 tyrannique
605 1529 925 1591 expulsorem
980 1529 1361 1592 praedicabant.
1429 1529 1509 1576 Sic
1564 1530 1735 1576 subito

242 1607 582 1653 misericordia
615 1607 729 1653 odio
763 1613 1091 1662 successerat,
1124 1613 1183 1653 ut
1215 1623 1333 1653 eum
1365 1623 1454 1653 suo
1487 1610 1733 1670 sanguine

193 1693 216 1732 3
242 1685 305 1731 ab
322 1683 635 1739 Acherunte,
653 1687 693 1730 si
709 1691 934 1746 possent,
951 1691 1198 1746 cuperent
1213 1684 1479 1730 redimere.
1548 1683 1733 1746 Itaque

242 1765 295 1807 in
338 1762 463 1807 urbe
507 1761 834 1807 celeberrimo
877 1760 1004 1817 loco,
1049 1761 1212 1808 elatus
1255 1761 1474 1823 publice,
1518 1761 1733 1823 sepulcri

243 1845 574 1884 monumento
603 1838 820 1884 donatus
850 1845 944 1884 est.
1014 1837 1166 1884 Diem
1195 1839 1321 1885 obiit
1349 1841 1548 1885 circiter
1577 1855 1733 1885 annos

245 1918 616 1977 quinquaginta
647 1919 871 1978 quinque
913 1921 1081 1970 natus,
1114 1922 1351 1977 quartum
1392 1923 1509 1977 post
1545 1932 1733 1962 annum

247 2007 399 2053 quam
432 2007 495 2037 ex
519 1991 866 2053 Peloponneso
894 1994 945 2036 in
972 1990 1190 2037 Siciliam
1216 1992 1454 2039 redierat.

319 2108 334 2132 ¹
363 2108 513 2159 ipsius,
535 2107 687 2153 Halm;
717 2107 781 2146 illi
801 2108 899 2159 ipsi,
921 2107 1054 2147 MSS.

315 2161 331 2185 ²
359 2162 562 2222 propitia,
581 2161 641 2206 R;
670 2162 863 2220 propria,
882 2160 945 2200 the
962 2161 1072 2200 other
1089 2161 1142 2200 M
1143 2161 1249 2208 SS.;
1280 2165 1499 2214 prompta,
1522 2162 1666 2203 Halm.

314 2214 330 2238 ³
359 2215 510 2260 dilato,
528 2214 728 2260 Lambm;
763 2214 923 2260 delato,
943 2214 1076 2253 MSS.

310 2361 327 2386 ²
356 2360 490 2399 These
514 2360 670 2411 guarda
694 2373 766 2399 are
791 2360 1018 2412 obviously
1043 2364 1123 2400 not
1147 2361 1221 2399 the
1245 2374 1364 2400 same
1389 2375 1437 2401 as
1463 2362 1589 2402 those
1613 2376 1732 2403 men·

253 2414 402 2452 tioned
436 2414 482 2452 in
520 2417 558 2454 9.
592 2415 627 2452 1.
697 2413 812 2452 That
837 2413 952 2452 Dion
976 2414 1063 2452 had
1094 2415 1251 2465 guards
1278 2415 1447 2454 outside
1474 2416 1540 2455 his
1565 2416 1671 2456 door
1696 2418 1733 2457 is

255 2468 402 2506 shown
434 2467 492 2517 by
523 2467 597 2505 the
628 2467 718 2506 fact
748 2466 847 2505 that
877 2467 951 2505 the
982 2466 1253 2517 Zacynthian
1284 2468 1447 2520 youths
1479 2468 1566 2509 had
1598 2473 1646 2510 to
1677 2469 1732 2510 be

255 2519 501 2570 recognized
525 2519 669 2559 before
691 2519 797 2571 they
818 2532 927 2559 were
950 2519 1178 2560 admitted.

249 2610 340 2654 490
