1747 2912
490 150 542 196 L.
595 148 926 195 ANNAEUS
978 146 1246 194 FLORUS

79 288 103 326 8
130 283 440 333 incurreret;
493 278 655 324 donec
691 281 832 340 quasi
868 279 1102 338 contagio
1139 274 1358 338 quodam
1394 289 1484 337 per
1519 276 1618 320 sin-

133 360 275 422 gulos
333 363 460 405 itum
509 365 587 404 est
646 365 699 404 et
757 360 991 419 proximis
1050 356 1331 418 quibusque
1379 357 1620 416 correptis

133 447 292 486 totam
332 439 530 486 Italiam
567 440 658 485 sub
695 454 748 484 se
784 437 1107 500 redegerunt.

216 708 339 754 IIII.
380 708 584 754 BELLVM
622 706 887 752 ETRVSCVM
925 705 1034 750 CvM
1074 704 1211 750 REGE
1250 703 1515 749 PORSENNA

50 820 110 868 10
206 820 375 866 Ρυιειε
433 820 557 865 urbe
605 819 808 879 regibus
855 820 1015 879 prima
1063 832 1152 878 pro
1205 815 1443 862 libertate
1491 830 1626 860 arma

139 903 390 961 corripuit.
484 900 613 943 Nam
660 898 913 944 Porsenna
953 913 1042 943 rex
1085 896 1409 942 Etruscorum
1449 899 1626 957 ingen-

139 981 273 1027 tibus
316 984 468 1042 copiis
507 980 682 1026 aderat
719 986 771 1025 et
813 979 1108 1041 Tarquinios
1144 994 1296 1023 manu
1335 976 1623 1023 reducebat.

83 1070 107 1108 2
141 1063 294 1108 Hunc
329 1068 520 1119 tamen,
556 1064 780 1123 quamvis
829 1066 882 1106 et
923 1063 1071 1105 armis
1113 1065 1166 1104 et
1213 1057 1346 1104 fame
1388 1062 1630 1119 urgueret

141 1150 483 1205 occupatoque
526 1141 748 1187 Ianiculo
787 1144 840 1186 in
877 1144 995 1202 ipsis
1039 1140 1175 1185 urbis
1218 1138 1446 1184 faucibus
1487 1141 1627 1183 incu-

142 1226 302 1281 baret,
354 1227 610 1280 sustinuit,
657 1221 893 1284 reppulit,
946 1224 1213 1266 novissime
1274 1222 1428 1265 etiam
1485 1224 1630 1265 tanta

140 1305 472 1351 admiratione
509 1303 741 1366 perculit,
778 1309 836 1349 ut
878 1305 1102 1364 superior
1141 1300 1274 1347 ultro
1314 1316 1429 1346 cum
1468 1315 1631 1361 paene

87 1394 112 1433 3
141 1390 282 1432 victis
341 1389 591 1431 amicitiae
648 1384 852 1430 foedera
911 1383 1100 1429 feriret.
1197 1381 1340 1427 Tunc
1396 1380 1482 1426 illa
1536 1383 1633 1427 tria

146 1467 356 1513 Romani
380 1464 630 1512 nominisl
657 1464 887 1527 prodigia
910 1471 1063 1526 atque
1088 1462 1338 1521 miracula,
1370 1463 1630 1518 Horatius,

146 1549 359 1605 Mucius,
389 1548 593 1603 Cloelia,
623 1550 709 1609 qui
744 1549 840 1592 nisi
875 1549 928 1591 in
963 1545 1225 1590 annalibus
1263 1543 1447 1600 forent,
1482 1542 1633 1588 hodie

89 1638 115 1674 4
143 1629 342 1675 fabulae
379 1629 685 1674 viderentur.
759 1626 962 1688 Quippe
1003 1627 1243 1671 Horatius
1282 1624 1455 1670 Cocles
1496 1630 1633 1685 post-

146 1727 295 1773 quam
343 1710 514 1756 hostes
560 1708 786 1771 undique
833 1711 1082 1754 instantes
1135 1706 1268 1752 solus
1318 1720 1633 1751 summovere

146 1808 247 1837 non
280 1797 495 1852 poterat,
521 1796 678 1851 ponte
714 1792 920 1835 rescisso
956 1793 1241 1834 transnatat
1277 1786 1500 1832 Tiberim
1536 1801 1631 1831 nec

90 1880 115 1918 5
144 1889 278 1918 arma
303 1872 531 1918 dimittit.
605 1871 802 1916 Mucius
837 1868 1075 1916 Scaevola
1104 1884 1279 1930 regem
1308 1883 1399 1929 per
1431 1866 1634 1913 insidias

146 1956 198 1998 in
235 1956 407 1998 castris
443 1955 596 2014 ipsius
634 1950 944 2013 adgreditur,
981 1949 1070 1996 sed
1106 1949 1192 1994 ubi
1231 1948 1470 1994 frustrato
1507 1950 1636 1993 circa

148 2040 478 2095 purpuratum
505 2036 610 2078 eius
635 2036 740 2078 ictu
772 2038 996 2087 tenetur,
1021 2030 1315 2076 ardentibus
1340 2028 1463 2074 focis
1488 2030 1632 2074 inicit

93 2121 118 2159 6
149 2131 351 2160 manum
374 2121 719 2176 terroremque
753 2115 979 2174 geminat
1005 2110 1132 2157 dolo.
1207 2110 1346 2168 “En‚
1376 2116 1433 2156 ut
1458 2107 1632 2166 scias,''

208 2244 224 2269 ¹
252 2245 328 2284 illa
369 2246 456 2285 tria
497 2245 683 2284 Romani
731 2243 918 2283 nominis
966 2243 1218 2283 Koehlerus:
1270 2240 1347 2280 illa
1385 2241 1431 2280 in
1468 2240 1636 2280 romani

151 2300 338 2339 nominis
368 2301 428 2339 B:
472 2299 548 2338 illa
578 2311 756 2338 romana
785 2299 890 2337 NL.

201 2434 218 2458 ¹
246 2434 329 2474 His
348 2434 538 2473 mistake
558 2447 647 2473 was
666 2432 751 2472 due
771 2436 819 2472 to
838 2431 916 2471 the
945 2431 1037 2471 fact
1063 2430 1164 2470 that
1194 2429 1271 2469 the
1291 2427 1528 2469 attendant
1549 2441 1636 2468 was

140 2492 243 2540 pari
264 2491 373 2538 (cum
396 2490 499 2539 φερε)
509 2489 603 2539 fere
623 2491 775 2528 ornatu
797 2486 907 2535 (Liv.
934 2485 994 2525 ΙΙ.
1022 2485 1084 2534 12,
1109 2485 1165 2534 7).

151 2581 214 2626 30

1745 362 1747 413 ἱ
