1747 2912
95 552 143 591 18

93 862 141 900 19

87 1250 139 1288 20

87 1405 139 1444 21

553 184 609 234 L.
658 183 990 231 ANNAEUS
1039 183 1309 231 FLORUS

182 329 340 359 novae
383 318 621 373 carpenta
667 312 958 358 volitabant.
1034 312 1213 375 Itaque
1260 312 1531 374 trepidatio
1577 329 1690 374 prov

182 394 387 438 victoria
423 389 534 436 fuit.
609 390 763 435 Arma
805 396 858 436 et
896 389 1094 436 obsides
1136 393 1333 451 accepit
1369 407 1398 435 a
1438 390 1664 451 trepidis,

182 474 235 513 et
271 466 482 513 ulterius
527 468 666 522 isset,
703 468 798 510 nisi
843 466 1104 527 inprobam
1151 465 1359 512 classem
1407 465 1670 528 naufragio

181 548 475 606 castigasset
522 543 767 589 Oceanus.
844 543 1088 589 Reversus
1135 545 1290 605 igitur
1335 546 1388 588 in
1436 543 1668 601 Galliam,

181 622 336 668 classe
383 624 569 666 maiore
618 623 878 682 auctisque
925 623 1078 682 copiis
1134 623 1185 665 in
1234 620 1452 666 eundem
1501 637 1667 667 rursus

182 700 443 746 Oceanum
480 697 786 759 eosdemque
823 714 988 743 rursus
1037 697 1316 743 Britannos.
1392 697 1669 744 Caledonas

178 783 380 823 secutus
412 779 464 820 in
496 775 640 820 silvas
678 791 834 820 unum
860 791 1058 836 quoque
1085 773 1149 822 el
1186 776 1388 837 regibus
1416 775 1669 822 Casuella-

178 854 335 900 num2
371 857 423 898 in
470 852 634 897 vincla
680 851 837 898 dedit.
912 852 1194 898 Contentus
1242 852 1320 898 his
1359 852 1485 916 (non
1532 856 1667 899 enim

179 934 480 994 provinciae,
505 929 595 975 sed
619 932 810 974 nomini
835 929 1153 993 studebatur)
1175 946 1289 975 cum
1308 934 1494 976 maiore
1519 947 1668 993 quam

179 1013 315 1072 prius
374 1007 559 1070 praeda
618 1013 848 1053 revectus
907 1013 1001 1064 est,
1049 1011 1156 1068 ipso
1204 1023 1402 1070 quoque
1462 1008 1669 1054 Oceano

177 1085 450 1148 tranquillo
490 1087 648 1146 magis
696 1091 750 1131 et
796 1088 1028 1146 propitio,
1067 1088 1204 1147 quasi
1253 1088 1480 1147 inparem
1522 1088 1569 1132 ei
1614 1101 1667 1132 se

177 1164 435 1210 fateretur.

245 1241 345 1287 Sed
382 1244 597 1285 maxima
633 1243 856 1285 omnium
890 1240 1169 1303 eademque
1205 1243 1471 1286 novissima
1503 1243 1667 1287 coniu-

177 1323 303 1365 ratio
339 1317 437 1364 fuit
474 1317 766 1374 Galliarum,
804 1334 916 1363 cum
953 1317 1152 1363 omnis3
1189 1321 1377 1379 pariter
1413 1318 1667 1365 Arvernos

177 1404 330 1459 atque
366 1395 632 1456 Biturigas,
659 1395 937 1441 Carnuntas
969 1394 1116 1440 simul
1154 1394 1512 1457 Sequanosque
1555 1412 1667 1441 con-

177 1473 368 1521 traxit4
415 1489 620 1534 corpore
662 1475 809 1518 armis
845 1476 1124 1535 spirituque
1172 1472 1425 1529 terribilis,
1462 1476 1666 1520 nomine

177 1556 331 1599 etiam
374 1554 512 1613 quasi
554 1550 617 1595 ad
659 1556 903 1596 terrorem
951 1553 1225 1612 conposito,
1265 1550 1660 1612 Vercingetorix.

179 1630 272 1676 Ille
308 1628 450 1675 festis
484 1627 660 1673 diebus
698 1634 751 1674 et
787 1627 1145 1685 conciliabulis,
1170 1644 1284 1673 cum
1319 1627 1663 1690 frequentissi-

177 1723 283 1753 mos
320 1710 372 1751 in
405 1705 529 1750 lucis
560 1705 787 1762 haberet,
820 1704 1069 1751 ferocibus
1109 1705 1256 1751 dictis
1289 1704 1353 1750 ad
1389 1709 1465 1751 ius
1500 1710 1664 1767 pristi-

175 1801 297 1830 num
321 1784 569 1829 libertatis
586 1787 762 1832 erexit.
835 1784 1027 1829 Aberat
1051 1790 1174 1829 tunc
1201 1783 1379 1829 Caesar
1396 1783 1664 1831 Ravennae

176 1862 419 1908 dilectum
477 1876 649 1922 agens,
697 1867 751 1906 et
807 1859 975 1906 hieme
1035 1867 1297 1906 creverant
1345 1860 1535 1922 Alpes:
1593 1865 1664 1907 sic

175 1939 504 1985 interclusum
541 1938 790 1999 putabant
818 1941 929 1984 iter.
1003 1936 1105 1984 Sed
1137 1937 1223 1984 ille
1260 1938 1419 1999 qualis
1456 1945 1564 1984 erat
1598 1938 1662 1985 ad

174 2019 409 2063 nuntium
446 2018 518 2061 rei
543 2014 829 2061 felicissima
853 2018 1145 2061 temeritate
1165 2013 1185 2043 5
1221 2032 1311 2077 per
1339 2019 1497 2061 invios
1521 2015 1585 2061 ad
1610 2016 1662 2062 id

174 2101 374 2156 tempus
399 2096 648 2139 montium
673 2092 910 2150 tumulos,
935 2108 1024 2154 per
1048 2095 1264 2138 intactas
1289 2095 1391 2137 vias
1417 2099 1470 2139 et
1502 2096 1659 2151 nives,

229 2207 246 2232 1
311 2222 322 2232 .

231 2263 247 2286 ²
275 2209 583 2302 {asiiteffanum
613 2262 885 2302 Rossbachius
920 2263 985 2311 (cf.
1029 2261 1125 2308 Dio,
1169 2261 1263 2300 XL.
1306 2261 1346 2309 2,
1383 2261 1424 2310 3,
1463 2261 1659 2312 Polyaen.

183 2317 307 2356 VIII.
335 2317 400 2363 23,
424 2318 492 2362 5):
525 2329 596 2354 cas
622 2316 626 2365 l
654 2316 769 2354 uella
793 2317 827 2355 Β
847 2331 856 2356 :
888 2314 1123 2355 cavelianis
1143 2315 1237 2356 NL.

230 2371 250 2447 Ῐ
280 2370 789 2462 Οἷῗῗὲῖιξῖξῆξῖῗῗιῗῖῑιίιῑ
810 2423 849 2462 Β
887 2422 961 2462 ine
982 2423 1062 2463 NL

213 2438 526 2569 gdfgii'eissima
539 2454 791 2517 temeritate
805 2455 1045 2518 Scilmasius
1095 2476 1372 2516 felicissimae
1393 2479 1659 2518 temeritatis

172 2544 212 2570 co
273 2562 281 2570 .

174 2602 267 2648 206
