1802 2942
640 138 1035 187 CORNELIUS
1081 137 1302 187 NEPOS

168 276 193 314 5
217 272 531 329 potestatem
592 269 781 314 inimici
842 266 1074 313 venires?
1099 264 1127 282 '’
1230 265 1363 313 Huic
1425 265 1711 312 Eumenes:

220 333 248 350 “
274 333 486 380 Utinam
541 334 748 395 quidem
800 333 939 380 istud
993 333 1272 380 evenisset!
1340 331 1442 380 Sed
1495 348 1556 379 eo
1610 349 1712 379 non

219 401 419 456 accidit,
440 401 576 463 quod
595 417 873 463 numquam
893 416 1008 446 cum
1027 398 1235 447 fortiore
1255 416 1367 446 sum
1385 415 1682 463 congressus
1699 414 1711 455 3

218 484 320 513 non
352 470 487 513 enim
518 484 633 513 cum
665 483 922 530 quoquam
953 483 1093 513 arma
1123 466 1331 522 contuli,
1363 469 1486 529 quin
1515 469 1556 512 is
1588 465 1712 512 mihi

219 535 556 581 succubuerit.
566 533 595 550 '’
641 534 822 597 Neque
836 534 890 581 id
905 541 1016 580 erat
1029 533 1235 589 falsum3
1254 550 1356 580 non
1371 536 1507 580 enim
1521 536 1712 580 virtute

219 600 459 657 hostium,
475 601 567 648 sed
591 604 865 647 amicorum
888 600 1101 663 perfidia
1123 600 1353 648 decidit1
1378 637 1389 648 .
1418 637 1429 648 .
1457 599 1493 647 ‚2
1518 616 1637 646 nam
1656 606 1711 647 et

219 668 473 731 dignitate
491 667 590 714 fuit
607 667 823 714 honesta
842 675 896 714 et
913 669 1099 714 viribus
1118 668 1184 714 ad
1200 667 1427 714 laborem
1443 665 1711 714 ferendum

220 735 373 781 firmis
391 751 559 797 neque
576 742 685 781 tam
701 752 888 798 magno
905 751 1112 797 corpore
1131 751 1284 797 quam
1301 734 1464 797 figura
1478 741 1710 781 venusta.

276 800 359 850 12.
401 802 482 848 De
512 801 606 848 hoc
635 803 924 865 Antigonus
953 818 1069 848 cum
1099 801 1232 848 solus
1261 804 1572 848 constituere
1609 817 1711 848 non

221 869 452 924 auderet,
474 869 538 915 ad
558 869 819 915 consilium
837 868 1055 916 rettulit.
1103 868 1201 915 Hic
1220 885 1335 915 cum
1355 884 1529 915 omnes
1548 871 1711 930 primo

220 936 506 997 perturbati
548 936 919 982 admirarentur
959 952 1061 982 non
1099 938 1201 981 iam
1243 936 1308 982 de
1350 951 1410 982 eo
1450 942 1711 997 sumptum

221 1019 330 1049 esse
363 1002 681 1065 supplicium,
715 1019 745 1049 a
777 1019 877 1066 quo
910 1009 991 1049 tot
1023 1019 1180 1049 annos
1214 1003 1342 1049 adeo
1375 1009 1547 1049 essent
1577 1001 1711 1048 male

219 1069 399 1125 habiti,
437 1077 496 1116 ut
534 1086 688 1132 saepe
729 1070 794 1116 ad
832 1070 1241 1132 desperationem
1279 1068 1450 1116 forent
1487 1069 1712 1125 adducti,

170 1141 194 1179 2
219 1139 406 1199 quique
435 1140 682 1183 maximos
712 1137 865 1184 duces
894 1136 1252 1192 interfecisset,
1281 1136 1502 1199 denique
1529 1139 1583 1182 in
1611 1152 1712 1198 quo

220 1220 320 1250 uno
350 1211 554 1250 tantum
586 1211 738 1260 esset,
768 1211 845 1260 ut,
875 1204 1044 1266 quoad
1071 1203 1156 1250 ille
1186 1207 1398 1259 viveret,
1426 1205 1522 1265 ipsi
1550 1205 1714 1250 securi

222 1286 331 1317 6556
371 1288 474 1317 non
513 1278 740 1333 possent,
779 1269 1053 1317 interfecto
1093 1269 1217 1316 nihil
1256 1269 1480 1317 habituri
1518 1271 1713 1333 negotii

221 1344 391 1384 essent
408 1353 420 1393 ς
453 1345 728 1400 postremo,
746 1341 786 1384 si
802 1337 873 1383 illi
888 1338 1129 1384 redderet
1144 1337 1380 1393 salutem,
1396 1338 1714 1400 quaerebant

221 1405 402 1467 quibus
430 1408 600 1451 amicis
628 1412 764 1452 esset
789 1421 997 1451 usurus:
1041 1420 1152 1451 sese
1180 1407 1315 1451 enim
1340 1421 1455 1451 cum
1480 1404 1712 1451 Eumene

168 1478 194 1518 3
219 1472 355 1534 apud
373 1488 489 1518 eum
507 1489 608 1518 non
624 1471 838 1519 futuros.
906 1471 1004 1518 Hic
1020 1474 1226 1534 cognita
1241 1471 1432 1518 consilii
1448 1471 1712 1518 voluntate

220 1545 395 1585 tamen
440 1555 601 1601 usque
648 1539 713 1586 ad
758 1541 1033 1601 septimum
1078 1539 1214 1585 diem
1259 1538 1575 1585 deliberandi
1619 1539 1714 1585 sibi

220 1609 441 1667 spatium
477 1606 700 1668 reliquit.
766 1606 896 1652 Tum
934 1612 1126 1661 autem,
1163 1622 1278 1652 cum
1314 1608 1416 1651 iam
1452 1612 1715 1652 vereretur

220 1689 284 1718 ne
317 1690 418 1735 qua
447 1674 630 1719 seditio
662 1676 914 1719 exercitus
945 1676 1179 1729 oriretur,
1209 1675 1376 1719 vetuit
1405 1689 1714 1735 quemquam

221 1739 285 1786 ad
333 1756 450 1785 eum
498 1740 701 1786 admitti
749 1747 803 1786 et
849 1740 1186 1786 cottidianum
1231 1742 1422 1785 victum
1467 1741 1715 1786 removeri

218 1809 391 1860 iussit3
447 1823 565 1852 nam
602 1807 828 1870 negabat
864 1823 919 1853 se
957 1810 1004 1853 ei
1040 1810 1141 1852 vim
1179 1806 1467 1853 adlaturum
1504 1809 1591 1869 qui
1628 1806 1715 1852 ali-

168 1879 195 1916 4
219 1874 420 1935 quando
471 1872 651 1919 fuisset
701 1877 907 1920 amicus.
975 1873 1072 1920 Hic
1121 1880 1298 1919 tamen
1346 1890 1449 1919 non
1499 1873 1713 1935 amplius

221 1956 373 2002 quam
389 1941 614 1986 triduum
630 1939 765 1986 fame
781 1939 1047 2004 fatigatus,
1061 1957 1176 1987 cum
1191 1947 1357 1987 castra
1371 1947 1714 1996 moverentur,

219 2009 466 2053 insciente
493 2008 753 2071 Antigono
778 2007 1036 2071 iugulatus
1063 2014 1142 2054 est
1168 2023 1198 2054 a
1221 2007 1531 2054 custodibus.

271 2133 287 2158 1
315 2146 403 2173 non
431 2134 549 2173 enim
570 2164 584 2179 ,⁴
604 2164 614 2174 .
637 2163 648 2173 .
672 2133 837 2173 decidit
865 2133 968 2185 after
996 2134 1172 2182 falsum,
1192 2133 1357 2182 Fleck.;
1387 2146 1477 2174 non
1496 2134 1614 2174 enim
1635 2165 1645 2175 .
1667 2164 1678 2176 .
1701 2163 1713 2177 .

221 2185 364 2226 decidi
383 2187 485 2238 after
504 2187 798 2234 succubuerit,
821 2187 954 2228 MSS.

277 2241 293 2264 ²
316 2242 349 2280 A
374 2241 525 2280 lacuna
549 2241 653 2293 after
677 2241 837 2281 falsum
857 2254 943 2281 was
968 2239 1148 2292 inferred
1164 2240 1215 2291 by
1234 2239 1450 2287 Buclmen
1478 2239 1525 2280 H
1527 2240 1717 2291 eusinqer

220 2293 307 2333 and
334 2295 477 2334 Bremi
505 2294 654 2334 deleted
686 2307 789 2334 nam
820 2324 830 2335 .
862 2324 873 2336 .
905 2324 916 2335 .
948 2297 1156 2342 venusta3
1204 2294 1344 2336 Vonck
1371 2299 1449 2345 put
1476 2297 1522 2334 et
1549 2294 1714 2335 viribus

222 2376 233 2386 .
265 2376 276 2387 .
309 2376 320 2387 .
350 2348 484 2387 firmis
504 2347 608 2398 after
627 2360 744 2388 nam.

738 2496 756 2522 ²
785 2496 862 2537 See
882 2496 956 2536 the
975 2497 1069 2536 crit.
1089 2500 1206 2537 note.

220 2578 313 2627 594
