1802 2942
669 173 1063 222 CORNELIUS
1110 173 1330 222 NEPOS

250 301 374 347 nihil
400 307 750 358 commutavit,
778 306 873 349 nisi
901 306 941 349 si
971 304 1094 365 quid
1121 309 1381 350 vetustate
1409 309 1613 350 coactus
1642 310 1736 351 est.

198 380 225 420 3
249 374 382 420 Usus
407 382 485 421 est
506 374 715 431 familia,
739 379 779 422 si
802 376 1027 422 utilitate
1050 376 1376 423 iudicandum
1400 383 1496 432 est,
1517 379 1738 439 optima3

250 451 290 494 si
322 447 501 503 forma,
533 452 617 495 vix
647 450 905 496 mediocri.
974 449 1208 513 Namque
1240 453 1292 496 in
1325 466 1387 496 ea
1418 457 1565 496 erant
1594 453 1739 512 pueri

247 521 620 578 litteratissimi,
653 530 966 586 anagnostae
999 526 1179 586 optimi
1212 531 1266 570 et
1296 524 1500 586 plurimi
1532 523 1738 579 librarii,

248 602 307 642 ut
343 612 408 642 ne
444 597 752 660 pedisequus
791 598 998 660 quidem
1036 601 1303 660 quisquam
1341 604 1479 644 esset
1516 601 1602 660 qui
1637 614 1739 644 non

247 676 522 732 utrumque
551 669 731 717 horum
761 670 969 733 pulchre
1000 670 1168 718 facere
1199 679 1401 734 posset3
1449 674 1559 734 pari
1588 671 1739 718 modo

249 743 466 790 artifices
511 748 686 801 ceteri,
733 762 856 808 quos
902 745 1066 792 cultus
1112 746 1419 793 domesticus
1465 745 1739 801 desiderat,

200 823 226 860 4
249 820 476 879 apprime
499 819 634 864 boni.
704 818 884 881 Neque
909 826 1086 866 tamen
1108 818 1288 866 horum
1313 836 1622 882 quemquam
1645 821 1740 866 nisi

251 892 388 938 domi
436 899 616 938 natum
666 892 905 956 domique
954 891 1150 939 factum
1198 892 1407 948 habuit3
1475 894 1612 956 quod
1661 900 1741 940 est

249 969 450 1029 signum
467 983 568 1012 non
585 965 746 1012 solum
763 970 1128 1023 continentiae,
1144 967 1236 1014 sed
1253 970 1410 1014 etiam
1426 967 1738 1031 diligentiae.

250 1040 382 1085 Nam
429 1046 483 1086 et
530 1057 631 1085 non
675 1043 1082 1102 intemperanter
1127 1043 1481 1103 concupiscere
1529 1041 1666 1104 quod
1711 1058 1741 1087 a

248 1114 474 1176 plurimis
520 1115 691 1161 videas
738 1117 1046 1161 continentis
1092 1115 1251 1161 debet
1296 1116 1429 1171 duci,
1475 1122 1529 1162 et
1569 1118 1740 1178 potius

248 1187 534 1234 industria1
584 1205 737 1251 quam
779 1191 945 1250 pretio
984 1204 1165 1250 parare
1207 1205 1309 1234 non
1348 1189 1614 1235 mediocris
1661 1197 1741 1236 est

201 1262 561 1324 5diligentiae.
631 1261 872 1325 Elegans,
923 1279 1025 1308 non
1066 1262 1384 1333 magnificus,
1427 1262 1740 1325 splendidus,

250 1351 351 1380 non
393 1341 748 1396 sumptuosus3
797 1338 1063 1398 omnisque
1107 1335 1377 1398 diligentia
1417 1335 1740 1391 munditiam,

250 1426 350 1455 non
383 1409 714 1455 adfluentiam
746 1408 1058 1456 adfectabat.
1126 1408 1367 1471 Supellex
1396 1410 1613 1467 modica,
1639 1427 1741 1457 non

249 1482 429 1538 multa,
459 1490 517 1529 ut
545 1486 598 1528 in
626 1490 863 1529 neutram
892 1491 1094 1545 partem
1123 1487 1343 1546 conspici
1370 1491 1560 1546 posset.

201 1564 225 1601 6
314 1556 421 1602 Nec
456 1558 765 1619 praeteribo,
802 1573 1113 1619 quamquam
1147 1557 1399 1604 nonnullis
1432 1557 1545 1604 leve
1579 1561 1740 1606 visum

250 1632 310 1675 iri
331 1638 528 1692 putem,
551 1647 666 1676 cum
686 1634 740 1676 in
760 1634 933 1693 primis
955 1631 1125 1678 lautus
1149 1638 1285 1678 esset
1308 1648 1464 1694 eques
1486 1631 1742 1679 Romanus

252 1711 306 1750 et
356 1721 458 1750 non
507 1721 688 1766 parum
736 1704 1016 1751 liberaliter
1066 1705 1274 1751 domum
1324 1722 1467 1752 suam
1517 1709 1742 1753 omnium

250 1778 483 1824 ordinum
503 1778 731 1825 homines
751 1782 1010 1833 invitaret,
1030 1782 1212 1825 scimus
1233 1795 1335 1825 non
1356 1778 1569 1841 amplius
1588 1796 1742 1842 quam

252 1860 400 1899 terna
428 1852 566 1898 milia
585 1851 604 1880 2
636 1869 895 1915 peraeque
926 1857 979 1899 in
1011 1852 1234 1916 singulos
1265 1869 1466 1900 menses
1501 1869 1564 1899 ex
1589 1852 1743 1915 ephe-

202 1934 225 1971 7
249 1927 442 1973 meride
459 1943 576 1972 eum
593 1943 875 1988 expensum
890 1930 1115 1989 sumptui
1130 1925 1263 1973 ferre
1279 1926 1499 1974 solitum.
1566 1928 1742 1990 Atque

250 1998 345 2045 hoc
368 2016 469 2045 non
494 2000 743 2054 auditum,
768 1999 859 2046 sed
883 2003 1145 2062 cognitum
1168 2000 1546 2061 praedicamus3
1587 2016 1742 2063 saepe

252 2077 387 2120 enim
417 2081 627 2136 propter
655 2073 1057 2121 familiaritatem
1088 2075 1376 2121 domesticis
1406 2076 1557 2121 rebus
1586 2078 1743 2122 inter-

251 2147 455 2194 fuimus.

315 2220 397 2269 14.
432 2221 595 2268 Nemo
627 2225 680 2268 in
713 2224 939 2269 convivio
973 2224 1080 2269 eius
1114 2221 1252 2269 aliud
1285 2239 1517 2269 acroama
1549 2223 1743 2270 audivit

253 2313 406 2359 quam
437 2303 772 2359 anagnosten,
804 2296 941 2359 quod
970 2313 1060 2343 nos
1092 2296 1299 2359 quidem
1327 2296 1742 2343 iucundissimum

314 2409 331 2433 1
358 2408 574 2448 industria
614 2439 624 2449 .
667 2440 678 2450 .
721 2439 731 2450 .
774 2409 1041 2462 diligentiae,
1080 2408 1243 2461 Nipp.;
1295 2408 1523 2461 diligentia
1552 2441 1562 2450 .
1594 2440 1605 2451 .
1636 2440 1648 2451 .
1676 2409 1740 2451 in-

262 2462 473 2509 dustriae,
497 2463 549 2502 M
552 2462 631 2502 SS.

319 2516 334 2539 ²
364 2517 483 2555 milia
502 2518 626 2563 aeris,
650 2516 809 2564 MSS.;
847 2517 957 2556 aeris
977 2516 1144 2556 omitted
1164 2515 1214 2568 by
1236 2516 1289 2556 M
1291 2516 1480 2556 anutiue.

254 2594 345 2651 678
