1747 2912
534 205 588 250 L.
644 203 980 250 ANNAEUS
1031 203 1300 251 FLORUS

170 337 427 380 occasione
463 332 565 377 dux
602 331 821 378 hostium
863 331 1068 377 Pontius
1106 332 1427 378 Herennium
1464 337 1660 393 patrem

171 441 433 488 consuluit.
510 439 577 486 Et
624 439 728 497 ille,
768 442 1000 485 mitteret
1047 455 1222 485 omnes
1261 439 1341 486 vel
1389 438 1657 495 occideret,

87 557 133 595 ll
172 553 427 611 sapienter
488 553 544 593 ut
600 550 766 594 senior
818 553 1072 593 suaserat:
1147 547 1228 592 hic
1279 550 1429 593 armis
1485 552 1661 593 exutos

171 660 376 702 mittere
426 656 517 701 sub
565 658 739 716 iugum
787 654 980 711 maluit,
1029 662 1086 701 ut
1144 671 1238 701 nec
1289 657 1436 700 amici
1494 653 1663 701 forent

175 764 418 811 beneficio
445 769 497 809 et
522 769 636 824 post
661 762 904 824 flagitium
942 762 1113 809 hostes
1145 765 1317 824 magis.
1394 762 1573 824 Itaque
1610 769 1664 809 et

175 871 404 917 consules
476 873 647 915 statim
717 868 982 931 magnifice
1052 868 1333 915 voluntaria
1402 867 1663 915 deditione

173 978 545 1041 turpitudinem
570 976 787 1023 foederis
813 977 1073 1034 dirimunt,
1095 984 1147 1023 et
1166 977 1411 1023 ultionem
1435 976 1664 1039 flagitans

175 1087 319 1134 miles
348 1087 542 1147 Papirio
567 1085 1005 1132 duce—horribile
1031 1085 1428 1131 dictu—strictis
1464 1085 1666 1131 ensibus

176 1212 266 1257 per
291 1198 449 1256 ipsam
474 1197 603 1238 viam
627 1199 747 1239 ante
784 1209 1007 1255 pugnam
1044 1192 1167 1239 furit
1190 1209 1201 1248 3
1239 1199 1293 1238 et
1317 1196 1371 1237 in
1396 1208 1665 1254 congressu

179 1306 355 1348 arsisse
404 1304 628 1346 omnium
677 1299 845 1346 oculos
905 1299 1063 1346 hostis
1121 1306 1295 1345 auctor
1353 1298 1461 1345 fuit.
1558 1299 1666 1345 Nec

177 1414 311 1472 prius
347 1409 458 1454 finis
495 1408 731 1454 caedibus
769 1407 934 1465 datus,
961 1424 1111 1470 quam
1147 1410 1322 1469 iugum
1351 1413 1404 1454 et
1441 1406 1666 1453 hostibus

178 1525 231 1564 et
257 1517 372 1563 duci
399 1523 545 1578 capto
571 1522 921 1578 reposuerunt.

239 1782 355 1827 XII.
432 1781 632 1826 BELLvM
670 1781 936 1827 ETRvscvM
975 1781 1289 1828 SAMmTicvu
1328 1781 1584 1827 GALLxcvm

91 1900 148 1948 17
247 1900 519 1944 HACTENUS
537 1898 751 1960 populus
775 1899 1025 1944 Romanus
1052 1916 1164 1944 cum
1187 1898 1394 1960 singulis
1412 1899 1667 1961 gentibus,

176 2025 291 2055 mox
316 2011 586 2054 acervatim
608 2024 618 2062 ;
662 2011 730 2053 sic
755 2014 929 2054 tamen
955 2024 1154 2070 quoque
1188 2023 1276 2069 par
1301 2008 1531 2053 omnibus
1554 2006 1663 2053 fuit.

177 2117 502 2163 Etruscorum
543 2115 812 2162 duodecim
844 2115 1034 2178 populi,
1074 2115 1250 2161 Vmbri
1289 2118 1340 2160 in
1378 2115 1430 2160 id
1465 2121 1667 2177 tempus

180 2227 371 2281 intacti,
423 2226 797 2286 antiquissimus
859 2223 1036 2269 Italiae
1083 2222 1312 2285 populus,
1368 2222 1667 2269 Samnitium

181 2332 362 2394 reliqui
442 2335 494 2377 in
567 2331 818 2377 excidium
893 2331 1101 2376 Romani
1171 2333 1386 2376 nominis
1454 2338 1666 2392 repente

123 2446 147 2485 2
187 2443 462 2486 coniurant.
552 2438 674 2484 Erat
721 2445 883 2485 terror
941 2442 1121 2500 ingens
1176 2444 1254 2484 tot
1304 2437 1450 2483 simul
1502 2444 1666 2485 tanto-

182 2555 392 2601 rumque
452 2538 763 2601 populorum.
862 2539 987 2586 Late
1035 2555 1125 2601 per
1156 2538 1425 2585 Etruriam
1478 2537 1667 2585 infesta

186 2632 247 2679 54
