1747 2912
495 153 547 200 L.
600 152 932 199 ANNAEUS
983 153 1253 200 FLORUS

134 288 307 327 cantes
354 280 774 342 triumphantium
823 284 875 325 in
922 280 1126 326 modum
1175 281 1349 328 Cretes
1396 282 1621 343 portibus

84 366 112 404 4
135 362 234 404 suis
281 358 738 419 adremigaverunt.
813 357 1053 404 Metellus
1100 358 1287 405 deinde
1338 365 1500 405 totam
1546 362 1622 404 in-

134 435 293 481 sulam
318 438 424 497 igni
449 435 682 496 ferroque
707 435 975 497 populatus
1011 439 1143 481 intra
1167 435 1374 482 castella
1397 443 1452 482 et
1475 437 1623 482 urbes

134 512 349 574 redegit,
389 512 586 558 Cnoson
619 512 1003 559 Eleuthernan1
1042 520 1111 570 et,
1140 520 1197 559 ut
1237 513 1417 559 Graeci
1453 513 1623 560 dicere

83 599 110 636 5
137 590 317 647 solent,
355 591 549 636 urbium
587 596 801 636 matrem
845 591 1166 652 Cydoneam3
1213 591 1442 653 adeoque
1477 607 1623 637 saeve

135 672 187 713 in
212 671 432 729 captivos
459 667 852 726 consulebatur,2
878 675 935 714 ut
956 685 1152 714 veneno
1177 684 1229 714 se
1254 668 1484 730 plerique
1508 685 1624 713 con-

137 745 361 801 ficerent)
387 745 470 790 alii
503 745 816 791 deditionem
853 761 992 791 suam
1026 746 1091 791 ad
1130 746 1423 807 Pompeium
1447 747 1624 792 absen-

87 829 112 868 6
136 829 241 868 tem
271 826 550 868 mitterent.
625 822 692 868 Et
729 839 842 868 cum
878 822 963 868 ille
1001 839 1079 869 res
1115 826 1168 868 in
1194 825 1314 869 Asia
1349 839 1530 885 gerens
1565 838 1627 869 eo

138 916 336 961 quoque
370 899 683 961 praefectum
724 903 942 946 misisset
972 900 1253 946 Antonium
1281 904 1335 945 in
1371 899 1626 947 alienam³

137 980 458 1038 provinciam,
494 980 674 1022 inritus
704 976 818 1034 fuit,
844 993 1003 1039 eoque
1037 976 1268 1023 infestior
1302 977 1543 1024 Metellus
1574 981 1628 1023 in

138 1053 308 1100 hostes
346 1058 421 1100 ius
460 1058 660 1100 victoris
703 1058 945 1112 exercuit,
987 1058 1232 1117 victisque
1271 1054 1527 1101 Lasthene
1575 1061 1629 1101 et

140 1132 346 1188 Panare,
372 1131 638 1193 Cydoneae
670 1132 895 1189 ducibus,
918 1135 1077 1178 victor
1110 1132 1274 1178 rediit.
1350 1132 1397 1177 N
1401 1149 1458 1179 ec
1491 1135 1627 1195 quic-

138 1225 287 1271 quam
323 1216 496 1255 tamen
531 1209 743 1271 amplius
777 1210 840 1256 de
876 1216 981 1255 tam
1017 1209 1205 1256 famosa
1238 1213 1445 1256 victoria
1479 1226 1629 1272 quam

137 1303 419 1348 cognomen
446 1287 699 1333 Creticum
724 1290 1013 1350 reportavit.

482 1517 673 1563 XLIII.
714 1517 914 1563 Bamvn
955 1518 1020 1563 BA
1030 1533 1271 1564 LEARICVM

55 1631 125 1673 111,
144 1617 172 1663 8
211 1615 486 1673 QUATENcs
508 1616 709 1662 Metelli
731 1616 1045 1662 Macedonici
1070 1616 1247 1662 domus
1266 1616 1458 1662 bellicis
1477 1632 1630 1678 agno-

141 1694 359 1739 minibus
380 1692 401 1722 4
436 1693 751 1751 adsueverat,
787 1694 947 1740 altero
985 1710 1047 1740 ex
1082 1693 1251 1740 liberis
1289 1697 1395 1740 eius
1433 1694 1631 1740 Cretico

140 1770 273 1816 facto
308 1787 446 1816 mora
482 1787 583 1816 non
627 1770 723 1817 fuit
766 1775 886 1833 quin
935 1771 1064 1817 alter
1100 1787 1300 1833 quoque
1349 1771 1631 1817 Balearicus

88 1855 113 1894 2
139 1854 411 1893 vocaretur.
492 1847 719 1894 Baleares
754 1865 844 1910 per
872 1848 923 1894 id
955 1855 1157 1910 tempus
1194 1848 1385 1894 insulae
1423 1851 1632 1910 piratica

140 1927 276 1971 rabie
335 1930 489 1971 maria
555 1933 893 1988 corruperant.
973 1926 1218 1972 Homines
1285 1926 1416 1972 feros
1476 1933 1631 1989 atque

142 2003 394 2049 silvestres
426 2007 619 2050 mireris
652 2020 795 2049 ausos
820 2021 849 2048 a
873 2004 1090 2065 seopulis
1123 2007 1223 2050 suis
1259 2003 1440 2049 saltem
1476 2006 1632 2049 maria

91 2088 116 2128 3
142 2085 436 2143 prospicere.
512 2082 803 2128 Ascendere
852 2086 1005 2128 etiam
1058 2081 1340 2128 inconditas
1396 2087 1530 2127 rates
1577 2088 1631 2128 et

141 2163 637 2220 praeternavigantes
658 2158 872 2204 subinde
891 2162 1149 2220 inopinato
1168 2161 1363 2220 impetu
1385 2164 1626 2204 terruere.

90 2243 117 2280 4
143 2235 243 2282 Sed
268 2253 381 2281 cum
406 2240 698 2282 venientem
733 2236 796 2281 ab
828 2236 931 2282 alto
971 2236 1244 2281 Romanam
1273 2234 1483 2281 classem
1517 2251 1629 2297 pro-

248 2339 264 2363 1
295 2339 593 2379 Eleuthernan
612 2354 624 2380 ε
652 2343 805 2391 aetery
825 2339 982 2379 threan
1004 2341 1068 2380 B:
1099 2344 1145 2379 et
1166 2339 1419 2390 erythream
1439 2338 1497 2378 N.

245 2394 265 2421 ²
295 2393 603 2433 consulebatur
623 2409 630 2433 :
663 2393 968 2432 consolebatur
987 2394 1052 2432 B:
1082 2392 1395 2432 consulabatur
1413 2392 1468 2432 N.

249 2448 265 2471 ³
295 2448 480 2486 alienam
502 2449 805 2488 anmsenus:
835 2447 965 2486 aliam
982 2447 1030 2487 B.

251 2502 265 2525 ⁴
294 2501 623 2553 agnominibus:
657 2501 985 2541 bacnominibus
1006 2502 1069 2542 B:
1100 2499 1348 2540 nominibus
1368 2499 1462 2541 NL.

142 2574 232 2629 196
