1802 2942
628 113 1022 161 CORNELIUS
1069 112 1289 161 NEPOS

159 248 183 288 3
204 240 355 288 laude
415 241 570 304 digna
634 241 903 288 ducuntur.
982 240 1110 287 Cum
1175 248 1351 287 autem
1416 243 1700 302 exprimere

205 318 481 378 imaginem
522 315 900 362 consuetudinis
942 321 1098 377 atque
1140 317 1276 360 vitae
1317 313 1528 360 velimus
1567 314 1701 376 Epa-

205 389 495 444 minondae,
556 388 681 434 nihil
743 389 972 435 videmur
1035 389 1224 435 debere
1286 391 1700 450 praetermittere

157 469 183 506 4
206 463 342 525 quod
370 465 629 524 pertineat
659 463 724 509 ad
755 479 868 508 eam
899 461 1271 508 declarandam.
1340 462 1456 520 Qua
1483 478 1538 508 re
1568 462 1702 509 dice-

205 553 316 582 mus
336 540 555 598 primum
576 536 640 582 de
661 552 851 599 genere
873 539 997 591 eius,
1018 536 1204 582 deinde
1226 537 1408 598 quibus
1429 535 1701 597 disciplinis

207 617 261 656 et
290 627 319 656 a
347 611 529 673 quibus
557 613 624 656 sit
652 610 899 665 eruditus,
926 617 1038 656 tum
1066 610 1130 656 de
1159 610 1381 656 moribus
1407 612 1701 673 ingeniique

204 682 535 730 facultatibus
581 691 634 730 et
678 687 719 730 si
763 700 865 747 qua
908 683 1006 729 alia
1048 687 1294 730 memoria
1336 684 1492 746 digna
1534 689 1702 738 erunt,

204 765 464 820 postremo
501 758 566 804 de
602 758 754 804 rebus
791 760 969 820 gestis,
1006 774 1139 820 quae
1177 774 1207 803 a
1243 756 1470 819 plurimis
1508 756 1704 803 animi1

208 839 590 894 anteponuntur
610 832 899 878 virtutibus.

275 905 321 955 2.
360 906 523 952 Natus
542 908 698 969 igitur
715 912 863 967 patre
884 922 983 968 quo
1009 905 1245 960 diximus,
1263 921 1452 968 genere
1470 904 1703 960 honesto,

207 998 402 1044 pauper
425 984 527 1026 iam
553 997 582 1026 a
604 981 876 1027 maioribus
901 980 1105 1026 relictus
1133 981 1251 1036 est,2
1277 980 1504 1027 eruditus
1529 987 1703 1026 autem

210 1058 279 1101 sic
302 1062 361 1101 ut
383 1071 533 1101 nemo
556 1054 827 1100 Thebanus
851 1057 1028 1117 magis.
1098 1054 1229 1100 Nam
1254 1061 1308 1101 et
1330 1053 1626 1100 citharizare
1650 1059 1704 1099 et

209 1136 416 1175 cantare
445 1129 510 1175 ad
536 1128 836 1175 chordarum
864 1145 1042 1174 sonum
1070 1128 1248 1174 doctus
1278 1135 1357 1174 est
1385 1145 1414 1173 a
1442 1128 1704 1191 Dionysio,

212 1206 297 1265 qui
327 1219 429 1248 non
459 1205 652 1248 minore
684 1201 782 1248 fuit
812 1205 864 1247 in
894 1205 1095 1248 musicis
1127 1202 1286 1265 gloria
1318 1218 1471 1264 quam
1503 1201 1705 1248 Damon

213 1283 303 1322 aut
360 1275 626 1337 Lamprus,
684 1292 897 1338 quorum
952 1275 1255 1338 pervulgata
1310 1282 1430 1321 sunt
1483 1277 1705 1330 nomina,

212 1357 418 1396 cantare
444 1350 580 1395 tibiis
607 1350 671 1395 ab
698 1349 1078 1412 Olympiodoro,
1103 1349 1288 1395 saltare
1315 1366 1344 1395 a
1369 1347 1704 1411 Calliphrone.

163 1430 187 1467 2
212 1425 284 1470 At
313 1423 660 1486 philosophiae
690 1430 1076 1485 praeceptorem
1105 1422 1287 1470 habuit
1317 1423 1491 1486 Lysim
1519 1423 1706 1469 Taren-

213 1501 395 1553 tinum,
419 1497 828 1560 Pythagoreum3
862 1500 942 1544 cui
966 1497 1172 1560 quidem
1195 1500 1264 1544 sic
1285 1496 1384 1543 fuit
1406 1497 1627 1552 deditus,
1648 1503 1707 1543 ut

216 1573 510 1620 adulescens
570 1576 771 1618 tristem
832 1589 889 1618 ac
948 1589 1181 1618 severum
1241 1589 1416 1618 senem
1475 1573 1707 1619 omnibus

215 1648 509 1711 aequalibus
538 1651 637 1694 suis
665 1651 717 1692 in
744 1646 1091 1693 familiaritate
1119 1650 1496 1710 anteposuerit,
1539 1663 1707 1710 neque

214 1727 350 1786 prius
394 1740 510 1769 eum
553 1740 582 1768 a
624 1739 677 1768 se
720 1722 949 1778 dimisit?
993 1739 1145 1785 quam
1186 1726 1239 1768 in
1280 1723 1519 1769 doctrinis
1560 1730 1708 1769 tanto

216 1800 491 1844 antecessit
536 1795 918 1858 condiscipulos,
964 1803 1023 1842 ut
1069 1794 1216 1841 facile
1262 1796 1492 1859 intellegi
1535 1802 1709 1859 posset

215 1874 325 1934 pari
366 1871 516 1917 modo
560 1877 916 1932 superaturum
960 1886 1134 1916 omnes
1177 1873 1229 1915 in
1272 1872 1454 1916 ceteris
1498 1870 1707 1916 artibus.

166 1955 190 1994 3
214 1947 388 2008 Atque
413 1945 540 1991 haec
567 1945 632 1991 ad
656 1951 882 1991 nostram
909 1945 1329 1991 consuetudinem
1355 1951 1475 1990 sunt
1498 1943 1630 1990 levia
1655 1950 1709 1990 ei:

216 2024 385 2083 potius
427 2020 829 2074 contemnenda3
890 2025 944 2065 at
985 2021 1037 2065 in
1080 2018 1311 2075 Graecia,
1353 2021 1531 2081 utique
1572 2017 1709 2074 olim,

217 2110 435 2158 magnae
457 2094 594 2140 laudi
618 2100 779 2140 erant.

168 2176 195 2213 4
277 2168 555 2231 Postquam
594 2167 820 2230 ephebus
859 2174 938 2214 est
974 2165 1138 2214 factus
1177 2174 1231 2213 et
1265 2166 1551 2229 palaestrae
1588 2165 1710 2213 dare

218 2259 425 2304 operam
453 2245 639 2304 coepit,
667 2258 769 2288 non
797 2248 905 2287 tam
932 2240 1272 2304 magnitudini
1300 2243 1479 2286 virium
1506 2241 1711 2286 servivit

391 2348 409 2374 1
439 2348 588 2393 animi,
610 2347 774 2393 Koma
814 2348 1023 2392 omnium,
1045 2346 1178 2386 MSS.

391 2403 406 2426 ²
436 2407 516 2447 est,
537 2401 669 2441 added
689 2402 740 2451 by
758 2401 904 2446 Halm,
926 2401 1087 2447 Fleck.;
1125 2400 1230 2450 aster
1248 2403 1393 2446 natus,
1414 2400 1458 2439 N
1461 2399 1552 2450 ipp.

390 2456 405 2480 ³
436 2456 614 2502 dimisit,
634 2456 796 2506 Nipp.;
833 2455 1059 2501 dimiserit,
1080 2453 1213 2493 MSS.

224 2547 311 2594 532
