1747 2912
105 470 154 510 13

103 765 154 805 14

103 1135 151 1174 15

101 1655 150 1695 16

100 2024 148 2065 17

562 190 619 240 L.
669 190 765 236 AN
775 188 1006 236 NAEUS
1057 189 1329 237 FLORUS

191 320 448 379 principiis
501 319 852 365 scriberentur.
927 317 1028 364 Sed
1075 318 1162 363 illa
1209 321 1430 364 inmania
1477 334 1683 381 corpora

191 407 290 453 quo
325 395 510 436 maiora
542 399 702 447 erant,
729 408 788 437 eo
824 395 982 452 magis
1020 391 1200 452 gladiis
1235 391 1469 454 ferroque
1506 399 1683 455 patue-

190 472 321 511 runt.
396 465 497 523 Qui
527 465 659 511 calor
687 469 737 510 in
776 465 1069 527 proeliando
1097 465 1318 511 militum
1342 465 1514 524 fuerit,
1539 466 1681 512 nullo

189 542 348 599 magis
374 542 586 600 exprimi
611 546 780 600 potest
814 555 964 600 quam
991 539 1142 601 quod,
1168 539 1313 585 elatis
1351 555 1500 601 super
1532 546 1686 602 caput

191 616 343 658 scutis
370 629 484 658 cum
510 629 562 658 se
587 612 847 659 testudine
884 613 1123 659 barbarus
1155 619 1375 674 tegeret,
1402 629 1552 675 super
1577 617 1684 675 ipsa

190 687 406 731 Romani
442 693 582 733 scuta
619 687 877 744 salierunt,
916 694 969 733 et
1018 687 1137 733 inde
1174 691 1226 732 in
1270 687 1466 749 iugulos
1505 687 1685 750 gladiis

189 759 583 807 descendebant.
671 761 864 807 Iterum
940 761 1004 808 de
1082 761 1335 807 Germano
1408 761 1685 808 Tencteri1

188 835 541 896 querebantur.
617 835 719 880 Hic
752 851 869 880 vero
895 839 992 880 iam
1021 835 1199 881 Caesar
1224 835 1356 880 ultro
1384 835 1647 881 Mosellam
1665 834 1685 864 ²

187 908 351 953 navali
398 916 554 969 ponte
601 909 972 971 transgreditur
1019 913 1283 971 ipsumque
1347 909 1579 955 Rhenum
1629 916 1684 956 et

191 983 462 1044 Hercyniis
489 982 687 1029 hostem
720 987 918 1044 quaerit
949 986 1002 1028 in
1033 983 1201 1038 silvis;
1238 982 1328 1029 sed
1360 986 1412 1028 in
1447 982 1601 1029 saltus
1625 1000 1683 1029 ac

188 1055 397 1117 paludes
451 1072 576 1118 gens
636 1060 796 1102 omnis
855 1056 1134 1117 diffugerat.
1210 1057 1430 1103 Tantum
1489 1061 1685 1118 pavoris

188 1133 396 1176 incussit
443 1133 575 1176 intra
617 1133 776 1191 ripam
815 1131 982 1176 subito
1033 1131 1284 1176 Romanus
1331 1130 1503 1176 visus.3
1574 1130 1684 1177 Nec

188 1203 343 1249 semel
373 1203 596 1261 Rhenus,
621 1204 709 1250 sed
740 1208 922 1250 iterum
959 1220 1177 1266 quoque,
1202 1211 1255 1250 et
1280 1205 1487 1266 quidem
1523 1211 1681 1266 ponte

187 1277 321 1324 facto
369 1285 666 1339 penetratus
716 1285 804 1324 est.
882 1278 1041 1324 Maior
1087 1278 1347 1341 aliquanto
1389 1279 1677 1340 trepidatio.

189 1350 392 1413 Quippe
432 1369 542 1398 cum
591 1352 824 1398 Rhenum
868 1368 1010 1398 suum
1060 1355 1128 1398 sic
1172 1359 1328 1414 ponte
1378 1356 1515 1414 quasi
1564 1356 1682 1414 iugo

189 1432 391 1486 captum
428 1426 677 1482 viderent,
714 1425 833 1487 fuga
875 1442 1042 1472 rursus
1084 1429 1136 1471 in
1179 1426 1325 1472 silvas
1368 1433 1421 1472 et
1457 1426 1683 1487 paludes,

188 1507 255 1555 et,
296 1499 428 1561 quod
472 1501 847 1546 acerbissimum
890 1499 1086 1545 Caesari
1129 1499 1242 1556 fuit,
1280 1515 1381 1545 non
1420 1499 1562 1546 fuere
1596 1503 1682 1563 qui

187 1579 522 1621 vincerentur.

255 1649 504 1695 Omnibus
528 1656 663 1695 terra
687 1652 912 1711 marique
946 1652 1224 1710 peragratis
1258 1652 1482 1710 respexit
1519 1650 1679 1696 Ocea-

187 1738 309 1767 num
335 1729 404 1779 et,
430 1726 569 1784 quasi
593 1722 674 1767 hic
704 1722 937 1767 Romanis
964 1723 1095 1767 orbis
1121 1739 1224 1767 non
1261 1722 1527 1779 sufficeret,
1553 1723 1681 1770 alte-

186 1812 296 1841 rum
335 1799 588 1857 cogitavit.
664 1796 829 1841 Classe
870 1799 1023 1857 igitur
1063 1802 1334 1857 conparata
1371 1796 1678 1843 Britanniam

187 1872 368 1915 transit
392 1872 515 1914 mira
541 1868 801 1915 celeritate
824 1885 834 1923 3
873 1872 1059 1931 quippe
1085 1873 1170 1931 qui
1195 1873 1349 1915 tertia
1374 1871 1542 1932 vigilia
1565 1888 1679 1917 cum

187 1944 497 1990 Morinorum
541 1943 809 1990 solvisset4
843 1962 871 1989 a
909 1951 1076 2006 portu,
1118 1948 1284 1990 minus
1325 1962 1473 2008 quam
1512 1946 1681 1992 medio

185 2017 267 2063 die
314 2018 528 2063 insulam
586 2021 839 2080 ingressus
888 2024 980 2065 est.
1057 2018 1211 2064 Plena
1259 2026 1403 2065 erant
1455 2020 1679 2067 tumultu

187 2091 420 2137 hostico5
469 2091 629 2147 litora,
678 2097 732 2138 et
777 2091 1086 2153 trepidantia
1131 2092 1196 2138 ad
1243 2100 1568 2154 conspectum
1607 2097 1679 2141 rei

242 2253 257 2277 1
291 2253 518 2292 Tencteri:
551 2253 720 2305 genteri
741 2254 806 2293 Be
838 2254 1004 2293 centeri
1025 2254 1131 2293 NL:
1165 2255 1320 2293 treviri
1343 2256 1493 2296 Aldus.

244 2306 260 2330 ²
288 2307 518 2346 Mosellam
539 2308 697 2346 Monac.
719 2323 728 2346 ε
760 2307 988 2346 musellam
1009 2309 1047 2347 B
1067 2323 1076 2348 ε
1109 2308 1343 2347 massiliam
1366 2309 1461 2349 NL.

239 2361 255 2385 ³
285 2361 508 2400 Romanus
529 2361 648 2399 visus
669 2362 940 2400 Rossbachius
963 2377 973 2402 ε
1006 2374 1186 2400 romana
1205 2362 1271 2401 vis
1291 2363 1384 2402 BN.

247 2415 264 2438 ⁴
292 2428 390 2453 cum
452 2402 724 2454 Morinorum
786 2415 991 2454 solvisset
1050 2416 1255 2454 Halmius
1274 2431 1283 2454 z
1343 2429 1437 2455 com
1487 2417 1678 2457 morinos

187 2469 397 2507 movisset
421 2470 455 2506 Β
473 2484 479 2507 ;
514 2469 681 2507 marino
701 2468 905 2508 solvisset
926 2472 1019 2519 (om.
1047 2471 1163 2517 cum)
1184 2469 1278 2509 NL.

245 2522 261 2545 ⁵
292 2523 461 2561 hostico
481 2538 489 2562 :
522 2522 726 2562 hostilico
747 2521 796 2572 (li
816 2525 866 2562 in
883 2524 1074 2574 maryioae
1094 2523 1306 2573 additum)
1327 2524 1378 2564 B.

191 2616 286 2659 ²04
