1747 2912
545 185 604 234 L.
653 182 987 229 ANNAEUS
1037 182 1307 230 FLORUS

183 329 317 370 ecce,
341 313 474 359 ultro
498 316 617 374 ipsis
643 316 772 357 viam
808 311 1148 373 pandentibus
1185 311 1320 368 fatis,
1345 328 1441 357 nec
1476 314 1668 357 occasio

182 386 362 444 defuit,
409 403 522 432 cum
590 385 654 432 de
717 386 997 431 Poenorum
1061 388 1349 446 inpotentia
1407 384 1669 431 foederata

182 460 379 506 Siciliae
429 464 603 505 civitas
665 460 898 505 Messana
956 465 1266 520 quereretur.
1363 458 1670 504 Adfectabat

181 540 351 580 autem
394 541 452 580 ut
492 534 742 579 Romanus
781 536 852 578 ita
898 531 1092 578 Poenus
1129 531 1364 588 Siciliam,
1401 538 1455 578 et
1491 532 1670 578 eodem

182 614 411 670 tempore
448 608 648 668 paribus
682 614 896 668 uterque
928 609 1056 652 votis
1095 622 1152 651 ac
1189 608 1374 652 viribus
1403 608 1671 667 imperium

186 683 316 728 orbis
350 683 587 743 agitabat.
664 681 826 742 Igitur
850 683 1016 741 specie
1042 679 1247 742 quidem
1271 683 1427 726 socios
1450 679 1672 737 iuvandi,

181 772 235 802 re
278 762 450 801 autem
489 754 793 801 sollicitante
837 753 1040 815 praeda,
1082 770 1383 815 quamquam
1414 756 1674 799 territaret

183 832 377 875 novitas
413 832 502 886 rei,
538 825 961 874 tamen—tanta1
996 830 1049 871 in
1087 830 1275 873 virtute
1310 826 1490 872 fiducia
1527 833 1673 872 est—

182 902 267 949 ille
309 902 462 959 rudis,
499 901 586 947 ille
623 904 870 962 pastorius
918 899 1132 961 populus
1176 916 1392 962 vereque
1430 907 1673 947 terrester

183 976 408 1023 ostendit
443 975 570 1020 nihil
617 979 863 1021 interesse
902 977 1118 1031 virtutis,
1158 978 1299 1037 equis
1346 991 1411 1019 an
1445 975 1672 1032 navibus,

182 1057 318 1097 terra
341 1066 407 1095 an
429 1053 553 1094 mari
578 1048 916 1094 dimicaretur.

256 1125 424 1185 Appio
461 1123 668 1169 Claudio
704 1121 907 1168 consule
944 1125 1161 1182 primum
1196 1121 1385 1168 fretum
1419 1125 1673 1183 ingressus

184 1205 263 1244 est
302 1197 539 1243 fabulosis
581 1196 768 1241 infame
810 1198 1046 1241 monstris
1084 1203 1330 1258 aestuque
1365 1195 1673 1250 violentum3

186 1271 275 1317 sed
300 1271 426 1316 adeo
462 1287 564 1315 non
601 1276 679 1316 est
715 1273 1003 1325 exterritus,
1028 1275 1086 1314 ut
1117 1269 1255 1314 illam
1289 1273 1446 1330 ipsam
1479 1272 1674 1315 ruentis

185 1352 352 1391 aestus
391 1344 683 1391 violentiam
725 1360 814 1405 pro
852 1358 1063 1388 munere
1102 1342 1536 1404 amplecteretur,2
1573 1349 1673 1389 sta-

187 1423 381 1481 timque
407 1435 463 1463 ac
490 1421 597 1464 sine
634 1434 772 1463 mora
810 1417 1090 1462 Hieronem
1130 1417 1495 1479 Syracusanum
1531 1422 1675 1462 tanta

185 1494 447 1539 celeritate
474 1492 676 1548 devicit,
702 1498 760 1537 ut
792 1491 877 1537 ille
915 1494 1021 1552 ipse
1057 1495 1194 1553 prius
1231 1507 1284 1538 se
1310 1494 1499 1537 victum
1525 1507 1675 1553 quam

186 1568 383 1614 hostem
410 1567 605 1613 videret
628 1565 888 1612 fateretur.

258 1640 485 1687 Duillio3
517 1640 848 1702 Cornelioque
885 1640 1171 1687 consulibus
1210 1643 1363 1686 etiam
1398 1642 1522 1684 mari
1559 1655 1675 1685 con-

186 1715 330 1777 gredi
354 1731 501 1760 ausus
537 1720 628 1760 est.
702 1713 830 1759 Tum
866 1714 1073 1776 quidem
1107 1717 1215 1775 ipsa
1240 1713 1480 1759 velocitas
1506 1713 1674 1759 classis

187 1795 486 1851 conparatae
533 1791 769 1834 victoriae
815 1792 1094 1850 auspicium
1135 1786 1245 1833 fuit.
1336 1787 1478 1832 Intra
1536 1790 1673 1833 enim

188 1867 554 1925 sexagesimum
578 1863 711 1908 diem
747 1879 896 1924 quam
932 1879 1077 1909 caesa
1112 1861 1233 1907 silva
1268 1861 1435 1908 fuerat
1471 1867 1676 1907 centum

189 1941 451 1999 sexaginta
488 1940 689 1982 navium
723 1937 890 1982 classis
928 1939 980 1981 in
1019 1935 1249 1981 anchoris
1282 1939 1445 1992 stetit,
1481 1942 1538 1981 ut
1574 1951 1676 1981 non

188 2018 297 2058 arte
334 2011 513 2066 factae,
540 2010 629 2056 sed
666 2010 882 2072 quodam
912 2026 1123 2056 munere
1160 2009 1369 2055 deorum
1407 2024 1676 2055 conversae

136 2094 160 2132 8
190 2089 244 2131 in
267 2101 418 2130 naves
443 2091 596 2146 atque
630 2089 855 2130 mutatae
884 2085 1085 2130 arbores
1109 2082 1416 2129 viderentur.
1494 2082 1676 2128 Proelii

156 2175 307 2206 -vero
344 2158 503 2204 forma
541 2157 796 2215 mirabilis,
839 2174 952 2203 cum
992 2157 1101 2203 illas
1144 2157 1320 2202 celeris
1358 2155 1676 2218 volucrisque

245 2259 262 2284 1
291 2264 439 2298 tamen
461 2263 588 2297 tanta
618 2259 746 2297 Voss.:
778 2262 906 2298 tanta
928 2262 1076 2297 tamen
1097 2258 1230 2296 BNL.

220 2314 276 2406 dil
291 2313 408 2405 qffld
438 2312 648 2351 velocitas
677 2312 855 2350 navium
884 2313 994 2351 mari
1023 2313 1252 2350 iuvaretur
1273 2314 1365 2361 post
1393 2309 1679 2361 amplectitur

192 2381 216 2406 α
281 2398 288 2406 .
383 2398 389 2405 .

248 2422 264 2445 ³
294 2420 485 2460 Duillio:
522 2419 577 2458 ad
599 2419 706 2458 uilio
728 2420 790 2459 B:
821 2418 976 2458 diullio
997 2419 1058 2459 L:
1090 2417 1254 2457 duellio
1275 2418 1313 2458 I.

517 2548 534 2574 ¹
565 2550 645 2588 ‘264
664 2559 748 2590 B.0.
1120 2547 1138 2572 ²
1167 2548 1247 2587 260
1266 2557 1347 2588 B.c.

194 2607 254 2666 78
