1802 2942
663 188 1057 236 CORNELIUS
1104 186 1325 236 NEPOS

187 324 219 362 4
308 315 422 374 Qua
449 314 655 362 fortuna
682 316 971 363 Alcibiades
999 332 1102 362 non
1130 322 1241 362 erat
1268 322 1539 362 contentus
1566 331 1736 379 neque

245 388 475 435 Athenas
510 392 668 435 victas
704 388 1119 435 Lacedaemoniis
1154 392 1339 435 servire
1372 396 1579 450 poterat
1609 393 1734 451 pati.

247 462 430 525 Itaque
462 463 527 510 ad
555 465 774 524 patriam
802 462 1118 509 liberandam
1148 465 1285 509 omni
1313 461 1576 509 ferebatur
1604 466 1738 526 cogi-

188 546 218 583 5
243 540 454 583 tatione.
525 536 626 583 Sed
656 537 865 584 videbat
895 537 947 584 id
978 539 1086 583 sine
1116 552 1238 599 rege
1272 536 1424 582 Perse
1456 553 1558 583 non
1587 553 1736 599 posse

247 610 355 656 fieri
399 611 617 673 ideoque
665 627 782 657 eum
828 613 1045 657 amicum
1090 611 1184 656 sibi
1229 610 1469 672 cupiebat
1514 610 1738 673 adiungi,

247 701 413 747 neque
458 685 730 731 dubitabat
771 683 918 730 facile
961 701 1015 731 se
1057 691 1464 740 consecuturum,
1506 687 1547 730 si
1587 684 1738 731 modo

248 762 353 805 eius
371 759 707 805 conveniundi
723 757 986 805 habuisset
1001 765 1331 821 potestatem.
1401 757 1532 804 Nam
1551 757 1739 821 Cyrum

246 831 458 878 fratrem
490 835 535 879 ei
565 832 756 878 bellum
786 832 915 878 clam
943 848 1123 894 parare
1155 831 1570 879 Lacedaemoniis
1601 831 1740 878 adiu-

248 907 484 952 vantibus
540 907 762 961 sciebat3
833 906 887 953 id
941 909 981 952 si
1037 909 1337 969 aperuisset,
1390 922 1632 969 magnam
1684 921 1740 952 se

246 983 491 1026 initurum
517 983 736 1042 gratiam
761 980 985 1026 videbat.

312 1053 392 1104 10.
431 1054 541 1100 Hoc
574 1070 689 1100 cum
721 1054 985 1100 moliretur
1015 1060 1324 1116 peteretque
1349 1069 1379 1099 a
1411 1051 1740 1099 Pharnabazo

248 1135 307 1175 ut
356 1129 420 1174 ad
466 1144 642 1191 regem
689 1131 1001 1183 mitteretur,
1050 1128 1231 1174 eodem
1279 1134 1511 1189 tempore
1559 1127 1741 1174 Critias

248 1206 508 1265 ceterique
545 1205 750 1265 tyranni
785 1201 1177 1248 Atheniensium
1212 1209 1376 1248 certos
1411 1200 1641 1248 homines
1677 1200 1742 1248 ad

250 1275 570 1339 Lysandrum
604 1279 657 1321 in
693 1277 867 1322 Asiam
901 1279 1164 1332 miserant,
1200 1279 1286 1338 qui
1321 1292 1439 1322 eum
1473 1278 1742 1322 certiorem

247 1348 494 1405 facerent,
541 1353 636 1396 nisi
683 1349 1000 1397 Alcibiadem
1047 1350 1351 1406 sustulisset,
1396 1349 1520 1396 nihil
1566 1365 1740 1396 earum

247 1440 416 1470 rerum
451 1423 558 1470 fore
592 1431 779 1480 ratum,
815 1441 938 1486 quas
973 1427 1080 1486 ipse
1115 1423 1333 1471 Athenis
1367 1427 1742 1479 constituisset3

250 1515 350 1560 qua
375 1515 447 1553 re,
473 1502 513 1544 si
538 1515 652 1545 suas
677 1515 757 1544 res
782 1506 953 1561 gestas
979 1515 1186 1545 manere
1213 1498 1384 1554 vellet,
1407 1498 1547 1545 illum
1571 1514 1743 1561 perse-

192 1577 222 1615 2
249 1579 506 1634 queretur.
576 1571 668 1618 His
706 1571 841 1618 Laco
875 1573 1027 1618 rebus
1063 1579 1345 1619 commotus
1380 1575 1564 1619 statuit
1599 1589 1743 1619 accu-

248 1649 406 1691 ratius
440 1646 533 1691 sibi
568 1646 825 1708 agendum
857 1663 973 1692 cum
1006 1645 1349 1693 Pharnabazo.
1418 1646 1589 1693 Huicl
1621 1663 1742 1710 ergo

248 1722 511 1766 renuntiat
541 1736 672 1782 quae
701 1723 811 1783 regi
840 1737 955 1766 cum
986 1720 1401 1767 Lacedaemoniis
1432 1728 1620 1777 essent,
1647 1724 1742 1768 nisi

250 1793 567 1840 Alcibiadem
618 1797 787 1840 vivum
839 1801 929 1840 aut
979 1801 1237 1841 mortuum
1287 1795 1382 1841 sibi
1431 1795 1741 1842 tradidisset.

192 1875 223 1914 3
249 1867 363 1914 Non
388 1867 508 1914 tulit
532 1867 666 1914 hunc
691 1874 920 1929 satrapes
948 1875 1002 1914 et
1027 1867 1213 1914 violare
1239 1867 1564 1915 clementiam
1589 1885 1742 1932 quam

249 1945 382 2004 regis
408 1958 529 2004 opes
553 1945 711 1988 minui
735 1941 930 1989 maluit.

317 2016 500 2079 Itaque
541 2020 679 2063 misit
720 2015 1070 2063 Susamithren
1111 2023 1165 2064 et
1204 2016 1465 2080 Bagaeum
1505 2016 1571 2063 ad
1610 2016 1743 2064 Alci-

250 2090 455 2136 biadem
497 2090 923 2146 interficiendum,
966 2107 1082 2137 cum
1123 2090 1207 2137 ille
1251 2097 1387 2137 esset
1426 2093 1480 2136 in
1522 2089 1743 2154 Phrygia

193 2171 225 2208 4
248 2167 448 2227 iterque
476 2165 541 2211 ad
565 2181 741 2228 regem
767 2171 1100 2227 compararet.
1172 2164 1316 2210 Missi
1342 2163 1471 2210 clam
1496 2167 1741 2211 vicinitati

251 2324 273 2364 b
310 2272 453 2364 thutic
472 2273 743 2364 {ocietatem
765 2272 817 2311 M
819 2272 922 2319 SS.;
959 2273 1212 2312 societatem
1231 2271 1381 2312 deleted
1400 2271 1451 2321 by
1469 2271 1621 2319 Schott,
1642 2271 1741 2312 huic

276 2338 301 2375 y
363 2340 409 2365 eu
429 2339 468 2365 sc
502 2357 510 2365 .

257 2433 336 2526 36}
360 2433 464 2534 This)
493 2446 579 2473 was
610 2447 707 2474 now
737 2434 998 2474 Artaxerxes
1027 2433 1088 2480 ΙΙ,
1120 2433 1351 2473 sui-named
1381 2433 1585 2473 Mnemon
1615 2435 1742 2484 (405-

362 2498 444 2525 B.c.
471 2517 478 2525 .

315 2539 330 2562 ²
361 2540 437 2579 See
458 2540 514 2579 vi.
542 2541 579 2581 1.
601 2542 641 2580 5.
851 2540 869 2565 ³
899 2540 975 2580 See
995 2541 1035 2579 4.
1058 2542 1096 2581 7.

255 2621 349 2668 454
