1802 2942
639 118 1033 168 CORNELIUS
1080 117 1300 167 NEPOS

164 258 190 297 5
280 249 391 296 Hoc
424 247 880 311 praeclarissimum
915 250 1021 295 eius
1056 246 1250 295 factum
1284 263 1386 294 non
1419 249 1528 310 pari
1561 245 1714 295 modo

218 327 490 389 probatum
506 332 586 373 est
604 327 668 372 ab
683 327 913 373 omnibus
933 340 945 381 ;
966 324 1192 371 nonnulli
1212 327 1348 372 enim
1365 324 1556 372 laesam
1571 325 1637 372 ab
1654 340 1715 371 eo

219 407 469 466 pietatem
493 404 747 466 putabant
773 410 827 449 et
852 403 1041 449 invidia
1058 402 1263 449 laudem
1288 405 1487 449 virtutis
1513 402 1716 449 obtere-

222 483 361 528 bant.
434 481 607 528 Mater
633 497 752 527 vero
779 487 896 543 post
922 480 975 527 id
1001 479 1195 527 factum
1220 496 1388 542 neque
1416 480 1624 526 domum
1651 479 1717 527 ad

221 575 274 606 se
298 559 456 605 filium
479 559 683 605 admisit
705 574 873 621 neque
897 561 1098 620 aspexit
1121 560 1242 620 quin
1265 573 1383 604 eum
1405 556 1717 604 fratricidam

168 645 193 684 6
219 640 534 699 impiumque
564 636 826 683 detestans
843 635 1188 698 compellaret.
1232 634 1428 693 Quibus
1454 635 1606 682 rebus
1633 633 1719 681 ille

223 715 349 761 adeo
391 721 468 761 est
506 721 806 770 commotus,
844 720 904 760 ut
943 729 1326 776 nonnumquam
1375 715 1512 759 vitae
1561 711 1717 759 finem

223 790 390 838 facere
416 791 631 838 voluerit
662 798 818 854 atque
856 806 920 838 ex
955 793 1272 854 ingratorum
1305 788 1568 837 hominum
1602 805 1718 837 con-

222 876 403 932 spectu
432 876 597 916 morte
629 868 894 915 decedere.

285 945 332 996 2.
370 946 584 993 Interim
622 946 790 993 Dione
826 944 1082 1009 Syracusis
1119 944 1409 1002 interfecto,
1445 945 1720 1009 Dionysius

221 1041 389 1071 rursus
437 1023 798 1087 Syracusarum
844 1027 1038 1086 potitus
1086 1030 1180 1070 est.
1251 1023 1402 1070 Cuius
1450 1023 1722 1070 adversarii

224 1119 375 1164 opem
407 1118 437 1147 a
468 1101 738 1148 Corinthiis
769 1104 1030 1163 petierunt
1060 1101 1345 1164 ducemque
1377 1117 1477 1164 quo
1506 1103 1558 1146 in
1587 1100 1722 1148 bello

224 1186 493 1226 uterentur
537 1178 875 1241 postularunt.
945 1178 1060 1225 Huc
1102 1177 1365 1225 Timoleon
1407 1181 1605 1234 missus,
1648 1180 1723 1224 in-

225 1256 450 1304 credibili
497 1255 743 1303 felicitate
791 1255 1094 1319 Dionysium
1139 1262 1252 1302 tota
1296 1254 1463 1302 Sicilia
1507 1254 1720 1318 depulit.

172 1342 196 1380 2
225 1334 352 1380 Cum
377 1333 664 1380 interficere
689 1340 881 1396 posset,
906 1332 1069 1379 noluit
1094 1340 1312 1396 tutoque
1337 1340 1398 1380 ut
1423 1331 1722 1380 Corinthum

224 1415 516 1474 perveniret
565 1410 750 1466 effecit,
799 1410 935 1473 quod
982 1418 1313 1473 utrorumque
1363 1410 1723 1474 Dionysiorum

227 1490 405 1551 opibus
436 1487 680 1535 Corinthii
708 1504 861 1551 saepe
890 1488 1051 1535 adiuti
1079 1487 1300 1544 fuerant,
1327 1490 1467 1535 cuius
1494 1488 1724 1552 benigni-

226 1570 349 1613 tatis
375 1569 673 1613 memoriam
698 1565 901 1612 volebat
927 1572 1147 1621 exstare,
1172 1581 1388 1628 eamque
1412 1565 1723 1628 praeclaram

228 1647 490 1691 victoriam
513 1644 736 1691 ducebat
756 1646 808 1689 in
831 1660 932 1706 qua
952 1643 1064 1705 plus
1088 1650 1224 1690 esset
1245 1642 1547 1690 clementiae
1570 1660 1724 1706 quam

229 1721 541 1768 crudelitatis
560 1737 571 1776 ;
605 1728 862 1784 postremo
880 1727 938 1767 ut
955 1737 1057 1767 non
1075 1719 1236 1767 solum
1254 1721 1456 1768 auribus
1475 1723 1726 1784 accipere-

227 1807 330 1854 tur,
360 1799 450 1846 sed
481 1802 636 1845 etiam
666 1798 819 1845 oculis
850 1805 1144 1844 cerneretur
1173 1814 1326 1860 quem
1356 1805 1410 1845 et
1439 1814 1503 1845 ex
1532 1805 1724 1861 quanto

174 1883 200 1923 3
225 1893 384 1939 regno
417 1876 481 1923 ad
513 1893 666 1939 quam
697 1875 954 1922 fortunam
985 1875 1269 1922 detulisset.
1339 1874 1462 1922 Post
1493 1875 1724 1939 Dionysii

230 1953 494 2000 decessum
531 1971 645 2000 cum
681 1953 867 2000 Hiceta
900 1952 1127 2008 bellavit,
1163 1955 1249 2015 qui
1284 1952 1578 2000 adversatus
1614 1960 1726 2001 erat

230 2031 503 2093 Dionysi03
543 2047 696 2093 quem
720 2047 821 2077 non
847 2030 961 2077 odio
986 2030 1269 2092 tyrannidis
1295 2030 1605 2086 dissensisse,
1630 2030 1722 2078 sed

237 2108 517 2171 cupiditate
549 2107 731 2154 indicio
762 2106 859 2154 fuit
891 2107 1027 2170 quod
1057 2111 1182 2170 ipse,
1217 2106 1426 2170 expulso
1458 2106 1722 2170 Dionysio,

239 2178 501 2237 imperium
528 2175 786 2221 dimittere
813 2174 987 2221 noluit.

176 2254 201 2291 4
292 2247 401 2293 Hoc
439 2252 695 2307 superato,
719 2243 980 2289 Timoleon
1017 2244 1263 2288 maximas
1302 2243 1470 2303 copias
1502 2238 1720 2288 Kartha-

424 2390 440 2467 ζ
470 2390 551 2483 ξὲἓ
575 2399 660 2427 13.c.
720 2386 955 2438 Dionysius
978 2384 1053 2424 the
1076 2386 1281 2436 Younger
1302 2385 1338 2424 is
1361 2387 1526 2424 meant.

570 2452 655 2482 B.0.

230 2521 321 2568 606
