<?xml version="1.0" encoding="UTF-8"?>
<!DOCTYPE html PUBLIC "-//W3C//DTD XHTML 1.0 Transitional//EN"
    "http://www.w3.org/TR/xhtml1/DTD/xhtml1-transitional.dtd">
<html xmlns="http://www.w3.org/1999/xhtml" xml:lang="en" lang="en">
 <head>
  <title>
</title>
<meta http-equiv="Content-Type" content="text/html;charset=utf-8" />
  <meta name='ocr-system' content='tesseract 3.04.00' />
  <meta name='ocr-capabilities' content='ocr_page ocr_carea ocr_par ocr_line ocrx_word'/>
</head>
<body>
  <div class='ocr_page' id='page_1' title='image "./lannaeifloriquae00floruoft_0652.png"; bbox 0 0 1802 2942; ppageno 0'>
   <div class='ocr_carea' id='block_1_1' title="bbox 655 135 1317 186">
    <p class='ocr_par' dir='ltr' id='par_1_1' title="bbox 655 135 1317 186">
     <span class='ocr_line' id='line_1_1' title="bbox 655 135 1317 186; baseline -0.002 -1"><span class='ocrx_word' id='word_1_1' title='bbox 655 135 1050 186; x_wconf 87' lang='lat' dir='ltr'>CORNELIUS</span> <span class='ocrx_word' id='word_1_2' title='bbox 1095 135 1317 186; x_wconf 90' lang='lat' dir='ltr'>NEPOS</span> 
     </span>
    </p>
   </div>
   <div class='ocr_carea' id='block_1_2' title="bbox 177 264 1729 2010">
    <p class='ocr_par' dir='ltr' id='par_1_2' title="bbox 228 264 1728 529">
     <span class='ocr_line' id='line_1_2' title="bbox 228 264 1728 328; baseline 0 -16"><span class='ocrx_word' id='word_1_3' title='bbox 228 269 554 313; x_wconf 83' lang='lat' dir='ltr'>iuvencorum</span> <span class='ocrx_word' id='word_1_4' title='bbox 583 264 809 328; x_wconf 86' lang='lat' dir='ltr'>deligata</span> <span class='ocrx_word' id='word_1_5' title='bbox 835 264 1062 311; x_wconf 85' lang='lat' dir='ltr'>incendit</span> <span class='ocrx_word' id='word_1_6' title='bbox 1091 267 1300 327; x_wconf 91' lang='lat' dir='ltr'>eiusque</span> <span class='ocrx_word' id='word_1_7' title='bbox 1329 268 1530 328; x_wconf 87' lang='lat' dir='ltr'>generis</span> <span class='ocrx_word' id='word_1_8' title='bbox 1557 265 1728 313; x_wconf 91' lang='lat' dir='ltr'>multi-</span> 
     </span>
     <span class='ocr_line' id='line_1_3' title="bbox 229 331 1728 395; baseline 0 -16"><span class='ocrx_word' id='word_1_9' title='bbox 229 333 462 380; x_wconf 80' lang='lat' dir='ltr'><strong>tudinem</strong></span> <span class='ocrx_word' id='word_1_10' title='bbox 495 349 734 395; x_wconf 85' lang='lat' dir='ltr'>magnam</span> <span class='ocrx_word' id='word_1_11' title='bbox 769 331 1073 393; x_wconf 80' lang='lat' dir='ltr'>dispalatam</span> <span class='ocrx_word' id='word_1_12' title='bbox 1106 335 1330 378; x_wconf 89' lang='lat' dir='ltr'>immisit.</span> <span class='ocrx_word' id='word_1_13' title='bbox 1400 332 1514 390; x_wconf 83' lang='lat' dir='ltr'>Quo</span> <span class='ocrx_word' id='word_1_14' title='bbox 1547 349 1728 395; x_wconf 88' lang='lat' dir='ltr'>repen-</span> 
     </span>
     <span class='ocr_line' id='line_1_4' title="bbox 230 400 1728 448; baseline 0.001 -2"><span class='ocrx_word' id='word_1_15' title='bbox 230 403 338 447; x_wconf 88' lang='lat' dir='ltr'>tino</span> <span class='ocrx_word' id='word_1_16' title='bbox 369 401 569 446; x_wconf 89' lang='lat' dir='ltr'>obiecto</span> <span class='ocrx_word' id='word_1_17' title='bbox 593 400 738 445; x_wconf 85' lang='lat' dir='ltr'>visu1</span> <span class='ocrx_word' id='word_1_18' title='bbox 767 406 971 446; x_wconf 86' lang='lat' dir='ltr'>tantum</span> <span class='ocrx_word' id='word_1_19' title='bbox 999 406 1247 445; x_wconf 88' lang='lat' dir='ltr'>terrorem</span> <span class='ocrx_word' id='word_1_20' title='bbox 1275 402 1449 446; x_wconf 91' lang='lat' dir='ltr'>iniecit</span> <span class='ocrx_word' id='word_1_21' title='bbox 1481 403 1728 448; x_wconf 85' lang='lat' dir='ltr'>exercitui</span> 
     </span>
     <span class='ocr_line' id='line_1_5' title="bbox 230 465 1726 529; baseline 0 -15"><span class='ocrx_word' id='word_1_22' title='bbox 230 467 590 523; x_wconf 86' lang='lat' dir='ltr'>Romanorum,</span> <span class='ocrx_word' id='word_1_23' title='bbox 617 473 676 512; x_wconf 87' lang='lat' dir='ltr'>ut</span> <span class='ocrx_word' id='word_1_24' title='bbox 703 465 877 529; x_wconf 76' lang='lat' dir='ltr'>egredi</span> <span class='ocrx_word' id='word_1_25' title='bbox 905 473 1052 512; x_wconf 83' lang='lat' dir='ltr'>extra</span> <span class='ocrx_word' id='word_1_26' title='bbox 1078 466 1264 512; x_wconf 92' lang='lat' dir='ltr'>vallum</span> <span class='ocrx_word' id='word_1_27' title='bbox 1290 483 1440 513; x_wconf 89' lang='lat' dir='ltr'>nemo</span> <span class='ocrx_word' id='word_1_28' title='bbox 1467 470 1534 513; x_wconf 91' lang='lat' dir='ltr'>sit</span> <span class='ocrx_word' id='word_1_29' title='bbox 1559 483 1726 514; x_wconf 88' lang='lat' dir='ltr'>ausus.</span> 
     </span>
    </p>

    <p class='ocr_par' dir='ltr' id='par_1_3' title="bbox 179 533 1728 1001">
     <span class='ocr_line' id='line_1_6' title="bbox 179 533 1726 596; baseline -0.001 -14"><span class='ocrx_word' id='word_1_30' title='bbox 179 543 204 583; x_wconf 88' lang='lat'><strong>3</strong></span> <span class='ocrx_word' id='word_1_31' title='bbox 230 535 376 581; x_wconf 87' lang='lat' dir='ltr'>Hanc</span> <span class='ocrx_word' id='word_1_32' title='bbox 391 541 507 596; x_wconf 87' lang='lat' dir='ltr'>post</span> <span class='ocrx_word' id='word_1_33' title='bbox 522 551 630 580; x_wconf 88' lang='lat' dir='ltr'>rem</span> <span class='ocrx_word' id='word_1_34' title='bbox 645 541 846 596; x_wconf 88' lang='lat' dir='ltr'>gestam</span> <span class='ocrx_word' id='word_1_35' title='bbox 861 549 963 579; x_wconf 90' lang='lat' dir='ltr'>non</span> <span class='ocrx_word' id='word_1_36' title='bbox 978 536 1052 579; x_wconf 91' lang='lat' dir='ltr'>ita</span> <span class='ocrx_word' id='word_1_37' title='bbox 1070 533 1242 580; x_wconf 90' lang='lat' dir='ltr'>multis</span> <span class='ocrx_word' id='word_1_38' title='bbox 1260 534 1437 580; x_wconf 89' lang='lat' dir='ltr'>diebus</span> <span class='ocrx_word' id='word_1_39' title='bbox 1459 533 1532 580; x_wconf 90' lang='lat' dir='ltr'>M.</span> <span class='ocrx_word' id='word_1_40' title='bbox 1556 533 1726 581; x_wconf 91' lang='lat' dir='ltr'>Minu-</span> 
     </span>
     <span class='ocr_line' id='line_1_7' title="bbox 229 600 1728 663; baseline -0.001 -14"><span class='ocrx_word' id='word_1_41' title='bbox 229 606 361 649; x_wconf 91' lang='lat' dir='ltr'>cium</span> <span class='ocrx_word' id='word_1_42' title='bbox 388 600 595 657; x_wconf 87' lang='lat' dir='ltr'>Rufum,</span> <span class='ocrx_word' id='word_1_43' title='bbox 621 604 922 663; x_wconf 85' lang='lat' dir='ltr'>magistrum</span> <span class='ocrx_word' id='word_1_44' title='bbox 950 603 1179 663; x_wconf 87' lang='lat' dir='ltr'>equitum</span> <span class='ocrx_word' id='word_1_45' title='bbox 1205 603 1314 662; x_wconf 89' lang='lat' dir='ltr'>pari</span> <span class='ocrx_word' id='word_1_46' title='bbox 1341 617 1398 647; x_wconf 88' lang='lat' dir='ltr'>ac</span> <span class='ocrx_word' id='word_1_47' title='bbox 1425 601 1728 649; x_wconf 89' lang='lat' dir='ltr'>dictatorem</span> 
     </span>
     <span class='ocr_line' id='line_1_8' title="bbox 228 667 1727 731; baseline 0.001 -16"><span class='ocrx_word' id='word_1_48' title='bbox 228 672 457 731; x_wconf 88' lang='lat' dir='ltr'>imperio,</span> <span class='ocrx_word' id='word_1_49' title='bbox 494 668 608 715; x_wconf 89' lang='lat' dir='ltr'>dolo</span> <span class='ocrx_word' id='word_1_50' title='bbox 644 668 947 730; x_wconf 90' lang='lat' dir='ltr'>productum</span> <span class='ocrx_word' id='word_1_51' title='bbox 982 670 1035 713; x_wconf 92' lang='lat' dir='ltr'>in</span> <span class='ocrx_word' id='word_1_52' title='bbox 1070 668 1334 730; x_wconf 77' lang='lat' dir='ltr'>proelium,</span> <span class='ocrx_word' id='word_1_53' title='bbox 1371 667 1583 731; x_wconf 87' lang='lat' dir='ltr'>fugavit.</span> <span class='ocrx_word' id='word_1_54' title='bbox 1651 669 1727 716; x_wconf 86' lang='lat' dir='ltr'>Ti.</span> 
     </span>
     <span class='ocr_line' id='line_1_9' title="bbox 229 734 1727 798; baseline -0.001 -15"><span class='ocrx_word' id='word_1_55' title='bbox 229 735 582 798; x_wconf 87' lang='lat' dir='ltr'>Sempronium</span> <span class='ocrx_word' id='word_1_56' title='bbox 607 734 908 790; x_wconf 84' lang='lat' dir='ltr'>Gracchum,</span> <span class='ocrx_word' id='word_1_57' title='bbox 930 738 1116 781; x_wconf 89' lang='lat' dir='ltr'>iterum</span> <span class='ocrx_word' id='word_1_58' title='bbox 1139 735 1413 790; x_wconf 74' lang='lat' dir='ltr'>consulem,</span> <span class='ocrx_word' id='word_1_59' title='bbox 1435 738 1487 780; x_wconf 92' lang='lat' dir='ltr'>in</span> <span class='ocrx_word' id='word_1_60' title='bbox 1510 735 1727 783; x_wconf 89' lang='lat' dir='ltr'>Lucanis</span> 
     </span>
     <span class='ocr_line' id='line_1_10' title="bbox 230 801 1728 850; baseline 0 0"><span class='ocrx_word' id='word_1_61' title='bbox 230 805 411 850; x_wconf 82' lang='lat' dir='ltr'>absens</span> <span class='ocrx_word' id='word_1_62' title='bbox 443 805 496 848; x_wconf 91' lang='lat' dir='ltr'>in</span> <span class='ocrx_word' id='word_1_63' title='bbox 527 803 731 849; x_wconf 85' lang='lat' dir='ltr'>insidias</span> <span class='ocrx_word' id='word_1_64' title='bbox 762 802 1028 849; x_wconf 91' lang='lat' dir='ltr'>inductum</span> <span class='ocrx_word' id='word_1_65' title='bbox 1060 802 1280 848; x_wconf 77' lang='lat' dir='ltr'><strong>sustulit.</strong></span> <span class='ocrx_word' id='word_1_66' title='bbox 1352 801 1426 848; x_wconf 92' lang='lat' dir='ltr'>M.</span> <span class='ocrx_word' id='word_1_67' title='bbox 1463 802 1728 850; x_wconf 88' lang='lat' dir='ltr'>Claudium</span> 
     </span>
     <span class='ocr_line' id='line_1_11' title="bbox 234 869 1725 932; baseline 0 -15"><span class='ocrx_word' id='word_1_68' title='bbox 234 870 554 926; x_wconf 85' lang='lat' dir='ltr'>Marcellum,</span> <span class='ocrx_word' id='word_1_69' title='bbox 595 873 898 932; x_wconf 82' lang='lat' dir='ltr'>quinquiens</span> <span class='ocrx_word' id='word_1_70' title='bbox 948 869 1224 925; x_wconf 90' lang='lat' dir='ltr'>consulem,</span> <span class='ocrx_word' id='word_1_71' title='bbox 1266 870 1402 932; x_wconf 89' lang='lat' dir='ltr'>apud</span> <span class='ocrx_word' id='word_1_72' title='bbox 1449 869 1725 917; x_wconf 86' lang='lat' dir='ltr'>Venusiam</span> 
     </span>
     <span class='ocr_line' id='line_1_12' title="bbox 230 936 818 1001; baseline -0.002 -17"><span class='ocrx_word' id='word_1_73' title='bbox 230 943 339 1001; x_wconf 87' lang='lat' dir='ltr'>pari</span> <span class='ocrx_word' id='word_1_74' title='bbox 366 938 517 984; x_wconf 89' lang='lat' dir='ltr'>modo</span> <span class='ocrx_word' id='word_1_75' title='bbox 544 936 818 983; x_wconf 78' lang='lat' dir='ltr'>interfecit.</span> 
     </span>
    </p>

    <p class='ocr_par' dir='ltr' id='par_1_4' title="bbox 177 1003 1728 1338">
     <span class='ocr_line' id='line_1_13' title="bbox 177 1003 1726 1068; baseline 0.001 -17"><span class='ocrx_word' id='word_1_76' title='bbox 177 1014 204 1051; x_wconf 91' lang='lat'>4</span> <span class='ocrx_word' id='word_1_77' title='bbox 293 1005 528 1068; x_wconf 84' lang='lat' dir='ltr'>Longum</span> <span class='ocrx_word' id='word_1_78' title='bbox 570 1011 649 1051; x_wconf 89' lang='lat' dir='ltr'>est</span> <span class='ocrx_word' id='word_1_79' title='bbox 690 1007 859 1050; x_wconf 89' lang='lat' dir='ltr'>omnia</span> <span class='ocrx_word' id='word_1_80' title='bbox 900 1019 1198 1050; x_wconf 88' lang='lat' dir='ltr'>enumerare</span> <span class='ocrx_word' id='word_1_81' title='bbox 1239 1003 1446 1066; x_wconf 88' lang='lat' dir='ltr'>proelia.</span> <span class='ocrx_word' id='word_1_82' title='bbox 1515 1003 1631 1063; x_wconf 80' lang='lat' dir='ltr'>Qua</span> <span class='ocrx_word' id='word_1_83' title='bbox 1669 1021 1726 1052; x_wconf 89' lang='lat' dir='ltr'>re</span> 
     </span>
     <span class='ocr_line' id='line_1_14' title="bbox 228 1071 1727 1134; baseline 0 -16"><span class='ocrx_word' id='word_1_84' title='bbox 228 1071 324 1119; x_wconf 93' lang='lat' dir='ltr'>hoc</span> <span class='ocrx_word' id='word_1_85' title='bbox 352 1089 510 1118; x_wconf 89' lang='lat' dir='ltr'>unum</span> <span class='ocrx_word' id='word_1_86' title='bbox 539 1075 659 1118; x_wconf 90' lang='lat' dir='ltr'>satis</span> <span class='ocrx_word' id='word_1_87' title='bbox 698 1074 794 1118; x_wconf 89' lang='lat' dir='ltr'>erit</span> <span class='ocrx_word' id='word_1_88' title='bbox 830 1071 1041 1126; x_wconf 81' lang='lat' dir='ltr'>dictum,</span> <span class='ocrx_word' id='word_1_89' title='bbox 1071 1087 1135 1117; x_wconf 86' lang='lat' dir='ltr'>ex</span> <span class='ocrx_word' id='word_1_90' title='bbox 1164 1087 1264 1134; x_wconf 94' lang='lat' dir='ltr'>quo</span> <span class='ocrx_word' id='word_1_91' title='bbox 1299 1071 1530 1134; x_wconf 79' lang='lat' dir='ltr'>intellegi</span> <span class='ocrx_word' id='word_1_92' title='bbox 1567 1075 1727 1133; x_wconf 86' lang='lat' dir='ltr'>possit</span> 
     </span>
     <span class='ocr_line' id='line_1_15' title="bbox 230 1137 1728 1203; baseline -0.001 -17"><span class='ocrx_word' id='word_1_93' title='bbox 230 1147 450 1203; x_wconf 86' lang='lat' dir='ltr'>quantus</span> <span class='ocrx_word' id='word_1_94' title='bbox 472 1139 554 1185; x_wconf 93' lang='lat' dir='ltr'>ille</span> <span class='ocrx_word' id='word_1_95' title='bbox 576 1137 758 1185; x_wconf 82' lang='lat' dir='ltr'>fuerit:</span> <span class='ocrx_word' id='word_1_96' title='bbox 797 1138 1040 1201; x_wconf 83' lang='lat' dir='ltr'>quamdiu</span> <span class='ocrx_word' id='word_1_97' title='bbox 1060 1141 1111 1184; x_wconf 90' lang='lat' dir='ltr'>in</span> <span class='ocrx_word' id='word_1_98' title='bbox 1133 1137 1283 1184; x_wconf 92' lang='lat' dir='ltr'>Italia</span> <span class='ocrx_word' id='word_1_99' title='bbox 1303 1137 1418 1193; x_wconf 85' lang='lat' dir='ltr'>fuit,</span> <span class='ocrx_word' id='word_1_100' title='bbox 1438 1155 1589 1185; x_wconf 88' lang='lat' dir='ltr'>nemo</span> <span class='ocrx_word' id='word_1_101' title='bbox 1610 1142 1657 1185; x_wconf 91' lang='lat' dir='ltr'>ei</span> <span class='ocrx_word' id='word_1_102' title='bbox 1676 1142 1728 1185; x_wconf 92' lang='lat' dir='ltr'>in</span> 
     </span>
     <span class='ocr_line' id='line_1_16' title="bbox 233 1205 1728 1268; baseline 0 -15"><span class='ocrx_word' id='word_1_103' title='bbox 233 1210 339 1253; x_wconf 89' lang='lat' dir='ltr'>acie</span> <span class='ocrx_word' id='word_1_104' title='bbox 378 1209 588 1262; x_wconf 82' lang='lat' dir='ltr'>restitit,</span> <span class='ocrx_word' id='word_1_105' title='bbox 627 1222 778 1252; x_wconf 91' lang='lat' dir='ltr'>nemo</span> <span class='ocrx_word' id='word_1_106' title='bbox 819 1206 1056 1252; x_wconf 87' lang='lat' dir='ltr'>adversus</span> <span class='ocrx_word' id='word_1_107' title='bbox 1097 1222 1214 1252; x_wconf 89' lang='lat' dir='ltr'>eum</span> <span class='ocrx_word' id='word_1_108' title='bbox 1252 1213 1370 1268; x_wconf 86' lang='lat' dir='ltr'>post</span> <span class='ocrx_word' id='word_1_109' title='bbox 1410 1205 1728 1253; x_wconf 88' lang='lat' dir='ltr'>Cannensem</span> 
     </span>
     <span class='ocr_line' id='line_1_17' title="bbox 236 1275 1153 1338; baseline -0.001 -18"><span class='ocrx_word' id='word_1_110' title='bbox 236 1291 463 1338; x_wconf 85' lang='lat' dir='ltr'>pugnam</span> <span class='ocrx_word' id='word_1_111' title='bbox 490 1277 541 1319; x_wconf 91' lang='lat' dir='ltr'>in</span> <span class='ocrx_word' id='word_1_112' title='bbox 569 1290 748 1335; x_wconf 91' lang='lat' dir='ltr'>campo</span> <span class='ocrx_word' id='word_1_113' title='bbox 776 1280 941 1319; x_wconf 86' lang='lat' dir='ltr'>castra</span> <span class='ocrx_word' id='word_1_114' title='bbox 967 1275 1153 1335; x_wconf 90' lang='lat' dir='ltr'>posuit.</span> 
     </span>
    </p>

    <p class='ocr_par' dir='ltr' id='par_1_5' title="bbox 230 1338 1729 1538">
     <span class='ocr_line' id='line_1_18' title="bbox 294 1338 1729 1402; baseline 0.001 -16"><span class='ocrx_word' id='word_1_115' title='bbox 294 1342 341 1392; x_wconf 84' lang='grc'>6.</span> <span class='ocrx_word' id='word_1_116' title='bbox 379 1341 512 1386; x_wconf 90' lang='lat' dir='ltr'>Hinc</span> <span class='ocrx_word' id='word_1_117' title='bbox 569 1343 784 1387; x_wconf 90' lang='lat' dir='ltr'>invictus</span> <span class='ocrx_word' id='word_1_118' title='bbox 842 1343 1062 1402; x_wconf 90' lang='lat' dir='ltr'>patriam</span> <span class='ocrx_word' id='word_1_119' title='bbox 1120 1338 1388 1387; x_wconf 88' lang='lat' dir='ltr'>defensum</span> <span class='ocrx_word' id='word_1_120' title='bbox 1446 1348 1729 1397; x_wconf 87' lang='lat' dir='ltr'>revocatus,</span> 
     </span>
     <span class='ocr_line' id='line_1_19' title="bbox 230 1406 1727 1471; baseline 0 -16"><span class='ocrx_word' id='word_1_121' title='bbox 230 1408 420 1455; x_wconf 89' lang='lat' dir='ltr'>bellum</span> <span class='ocrx_word' id='word_1_122' title='bbox 437 1411 595 1471; x_wconf 80' lang='lat' dir='ltr'>gessit</span> <span class='ocrx_word' id='word_1_123' title='bbox 612 1408 848 1454; x_wconf 87' lang='lat' dir='ltr'>adversus</span> <span class='ocrx_word' id='word_1_124' title='bbox 864 1407 918 1453; x_wconf 92' lang='lat' dir='ltr'>P.</span> <span class='ocrx_word' id='word_1_125' title='bbox 935 1406 1238 1469; x_wconf 85' lang='lat' dir='ltr'>Scipionem,</span> <span class='ocrx_word' id='word_1_126' title='bbox 1254 1407 1411 1453; x_wconf 89' lang='lat' dir='ltr'>filium</span> <span class='ocrx_word' id='word_1_127' title='bbox 1428 1408 1559 1454; x_wconf 85' lang='lat' dir='ltr'>eius2</span> <span class='ocrx_word' id='word_1_128' title='bbox 1575 1424 1727 1470; x_wconf 86' lang='lat' dir='ltr'>quem</span> 
     </span>
     <span class='ocr_line' id='line_1_20' title="bbox 230 1473 1729 1538; baseline -0.001 -16"><span class='ocrx_word' id='word_1_129' title='bbox 230 1479 338 1538; x_wconf 91' lang='lat' dir='ltr'>ipse</span> <span class='ocrx_word' id='word_1_130' title='bbox 377 1479 538 1538; x_wconf 88' lang='lat' dir='ltr'>primo</span> <span class='ocrx_word' id='word_1_131' title='bbox 579 1475 715 1537; x_wconf 86' lang='lat' dir='ltr'>apud</span> <span class='ocrx_word' id='word_1_132' title='bbox 753 1473 1074 1530; x_wconf 86' lang='lat' dir='ltr'>Rhodanum,</span> <span class='ocrx_word' id='word_1_133' title='bbox 1112 1478 1299 1521; x_wconf 89' lang='lat' dir='ltr'>iterum</span> <span class='ocrx_word' id='word_1_134' title='bbox 1339 1475 1475 1536; x_wconf 83' lang='lat' dir='ltr'>apud</span> <span class='ocrx_word' id='word_1_135' title='bbox 1513 1474 1729 1531; x_wconf 89' lang='lat' dir='ltr'>Padum,</span> 
     </span>
    </p>

    <p class='ocr_par' dir='ltr' id='par_1_6' title="bbox 177 1541 1729 1806">
     <span class='ocr_line' id='line_1_21' title="bbox 177 1541 1727 1605; baseline 0 -16"><span class='ocrx_word' id='word_1_136' title='bbox 177 1550 201 1589; x_wconf 84' lang='lat'><strong>2</strong></span> <span class='ocrx_word' id='word_1_137' title='bbox 228 1546 385 1590; x_wconf 91' lang='lat' dir='ltr'>tertio</span> <span class='ocrx_word' id='word_1_138' title='bbox 423 1543 559 1605; x_wconf 90' lang='lat' dir='ltr'>apud</span> <span class='ocrx_word' id='word_1_139' title='bbox 593 1543 829 1589; x_wconf 87' lang='lat' dir='ltr'>Trebiam</span> <span class='ocrx_word' id='word_1_140' title='bbox 866 1541 1086 1605; x_wconf 87' lang='lat' dir='ltr'>fugarat.</span> <span class='ocrx_word' id='word_1_141' title='bbox 1156 1541 1283 1588; x_wconf 90' lang='lat' dir='ltr'>Cum</span> <span class='ocrx_word' id='word_1_142' title='bbox 1319 1541 1430 1598; x_wconf 91' lang='lat' dir='ltr'>hoc,</span> <span class='ocrx_word' id='word_1_143' title='bbox 1469 1541 1727 1590; x_wconf 85' lang='lat' dir='ltr'>exhaustis</span> 
     </span>
     <span class='ocr_line' id='line_1_22' title="bbox 230 1608 1727 1672; baseline 0 -16"><span class='ocrx_word' id='word_1_144' title='bbox 230 1614 331 1657; x_wconf 89' lang='lat' dir='ltr'>iam</span> <span class='ocrx_word' id='word_1_145' title='bbox 385 1613 582 1672; x_wconf 88' lang='lat' dir='ltr'>patriae</span> <span class='ocrx_word' id='word_1_146' title='bbox 636 1608 982 1665; x_wconf 85' lang='lat' dir='ltr'>facultatibus,</span> <span class='ocrx_word' id='word_1_147' title='bbox 1024 1612 1214 1671; x_wconf 87' lang='lat' dir='ltr'>cupivit</span> <span class='ocrx_word' id='word_1_148' title='bbox 1254 1612 1727 1671; x_wconf 88' lang='lat' dir='ltr'>impraesentiarum</span> 
     </span>
     <span class='ocr_line' id='line_1_23' title="bbox 230 1676 1729 1740; baseline 0 -16"><span class='ocrx_word' id='word_1_149' title='bbox 230 1677 420 1724; x_wconf 89' lang='lat' dir='ltr'>bellum</span> <span class='ocrx_word' id='word_1_150' title='bbox 446 1693 766 1738; x_wconf 86' lang='lat' dir='ltr'>componere,</span> <span class='ocrx_word' id='word_1_151' title='bbox 794 1693 893 1739; x_wconf 91' lang='lat' dir='ltr'>quo</span> <span class='ocrx_word' id='word_1_152' title='bbox 921 1676 1166 1723; x_wconf 89' lang='lat' dir='ltr'>valentior</span> <span class='ocrx_word' id='word_1_153' title='bbox 1190 1684 1371 1738; x_wconf 90' lang='lat' dir='ltr'>postea</span> <span class='ocrx_word' id='word_1_154' title='bbox 1396 1677 1729 1740; x_wconf 86' lang='lat' dir='ltr'>congredere-</span> 
     </span>
     <span class='ocr_line' id='line_1_24' title="bbox 231 1744 1729 1806; baseline 0 -15"><span class='ocrx_word' id='word_1_155' title='bbox 231 1752 329 1792; x_wconf 93' lang='lat' dir='ltr'>tur.</span> <span class='ocrx_word' id='word_1_156' title='bbox 400 1745 459 1790; x_wconf 91' lang='lat' dir='ltr'>In</span> <span class='ocrx_word' id='word_1_157' title='bbox 492 1744 795 1806; x_wconf 86' lang='lat' dir='ltr'>colloquium</span> <span class='ocrx_word' id='word_1_158' title='bbox 832 1747 1085 1799; x_wconf 80' lang='lat' dir='ltr'>convenit,</span> <span class='ocrx_word' id='word_1_159' title='bbox 1122 1744 1439 1790; x_wconf 91' lang='lat' dir='ltr'>condiciones</span> <span class='ocrx_word' id='word_1_160' title='bbox 1474 1761 1576 1790; x_wconf 92' lang='lat' dir='ltr'>non</span> <span class='ocrx_word' id='word_1_161' title='bbox 1611 1761 1729 1791; x_wconf 90' lang='lat' dir='ltr'>con-</span> 
     </span>
    </p>

    <p class='ocr_par' dir='ltr' id='par_1_7' title="bbox 178 1810 1728 2010">
     <span class='ocr_line' id='line_1_25' title="bbox 178 1810 1727 1873; baseline 0 -14"><span class='ocrx_word' id='word_1_162' title='bbox 178 1821 203 1860; x_wconf 88' lang='lat'><strong>3</strong></span> <span class='ocrx_word' id='word_1_163' title='bbox 228 1819 491 1858; x_wconf 86' lang='lat' dir='ltr'>venerunt.</span> <span class='ocrx_word' id='word_1_164' title='bbox 545 1811 667 1857; x_wconf 91' lang='lat' dir='ltr'>Post</span> <span class='ocrx_word' id='word_1_165' title='bbox 686 1811 738 1857; x_wconf 92' lang='lat' dir='ltr'>id</span> <span class='ocrx_word' id='word_1_166' title='bbox 758 1810 951 1857; x_wconf 89' lang='lat' dir='ltr'>factum</span> <span class='ocrx_word' id='word_1_167' title='bbox 970 1813 1142 1873; x_wconf 90' lang='lat' dir='ltr'>paucis</span> <span class='ocrx_word' id='word_1_168' title='bbox 1164 1811 1341 1857; x_wconf 88' lang='lat' dir='ltr'>diebus</span> <span class='ocrx_word' id='word_1_169' title='bbox 1364 1811 1500 1872; x_wconf 90' lang='lat' dir='ltr'>apud</span> <span class='ocrx_word' id='word_1_170' title='bbox 1519 1811 1727 1859; x_wconf 86' lang='lat' dir='ltr'>Zamam</span> 
     </span>
     <span class='ocr_line' id='line_1_26' title="bbox 231 1877 1728 1939; baseline 0.001 -14"><span class='ocrx_word' id='word_1_171' title='bbox 231 1896 345 1925; x_wconf 89' lang='lat' dir='ltr'>cum</span> <span class='ocrx_word' id='word_1_172' title='bbox 395 1879 576 1925; x_wconf 89' lang='lat' dir='ltr'>eodem</span> <span class='ocrx_word' id='word_1_173' title='bbox 624 1877 877 1933; x_wconf 83' lang='lat' dir='ltr'>conflixit3</span> <span class='ocrx_word' id='word_1_174' title='bbox 943 1878 1474 1939; x_wconf 88' lang='lat' dir='ltr'>pulsus—incredibile</span> <span class='ocrx_word' id='word_1_175' title='bbox 1523 1878 1728 1926; x_wconf 85' lang='lat' dir='ltr'>dictu—</span> 
     </span>
     <span class='ocr_line' id='line_1_27' title="bbox 230 1945 1727 2010; baseline 0 -17"><span class='ocrx_word' id='word_1_176' title='bbox 230 1947 384 1994; x_wconf 89' lang='lat' dir='ltr'>biduo</span> <span class='ocrx_word' id='word_1_177' title='bbox 402 1955 454 1994; x_wconf 87' lang='lat' dir='ltr'>et</span> <span class='ocrx_word' id='word_1_178' title='bbox 471 1946 666 1993; x_wconf 89' lang='lat' dir='ltr'>duabus</span> <span class='ocrx_word' id='word_1_179' title='bbox 683 1946 914 1992; x_wconf 88' lang='lat' dir='ltr'>noctibus</span> <span class='ocrx_word' id='word_1_180' title='bbox 930 1945 1306 1992; x_wconf 85' lang='lat' dir='ltr'>Hadrumetum</span> <span class='ocrx_word' id='word_1_181' title='bbox 1328 1949 1577 2008; x_wconf 80' lang='lat' dir='ltr'>pervenit,</span> <span class='ocrx_word' id='word_1_182' title='bbox 1592 1946 1727 2010; x_wconf 91' lang='lat' dir='ltr'>quod</span> 
     </span>
    </p>
   </div>
   <div class='ocr_carea' id='block_1_3' title="bbox 232 2073 1726 2234">
    <p class='ocr_par' dir='ltr' id='par_1_8' title="bbox 232 2073 1726 2234">
     <span class='ocr_line' id='line_1_28' title="bbox 288 2073 1472 2121; baseline 0.001 -8"><span class='ocrx_word' id='word_1_183' title='bbox 288 2075 305 2100; x_wconf 85' lang='lat'>²</span> <span class='ocrx_word' id='word_1_184' title='bbox 334 2074 505 2114; x_wconf 89' lang='lat' dir='ltr'>obiecto</span> <span class='ocrx_word' id='word_1_185' title='bbox 524 2075 634 2120; x_wconf 78' lang='lat' dir='ltr'>visu,</span> <span class='ocrx_word' id='word_1_186' title='bbox 654 2073 701 2113; x_wconf 83' lang='grc' dir='ltr'>Ο.</span> <span class='ocrx_word' id='word_1_187' title='bbox 728 2073 789 2113; x_wconf 85' lang='lat' dir='ltr'>W.</span> <span class='ocrx_word' id='word_1_188' title='bbox 809 2074 853 2113; x_wconf 92' lang='lat' dir='ltr'><em>N</em></span> <span class='ocrx_word' id='word_1_189' title='bbox 855 2074 983 2121; x_wconf 80' lang='lat' dir='ltr'>auck3</span> <span class='ocrx_word' id='word_1_190' title='bbox 1019 2073 1192 2113; x_wconf 87' lang='lat' dir='ltr'>obiectu</span> <span class='ocrx_word' id='word_1_191' title='bbox 1211 2075 1318 2120; x_wconf 75' lang='lat' dir='ltr'>viso,</span> <span class='ocrx_word' id='word_1_192' title='bbox 1338 2074 1472 2114; x_wconf 78' lang='lat' dir='ltr'>MSS.</span> 
     </span>
     <span class='ocr_line' id='line_1_29' title="bbox 287 2128 1726 2178; baseline 0 -9"><span class='ocrx_word' id='word_1_193' title='bbox 287 2129 303 2153; x_wconf 87' lang='lat'><strong>²</strong></span> <span class='ocrx_word' id='word_1_194' title='bbox 334 2128 375 2169; x_wconf 84' lang='lat' dir='ltr'>S.</span> <span class='ocrx_word' id='word_1_195' title='bbox 407 2128 544 2167; x_wconf 87' lang='lat' dir='ltr'>filium</span> <span class='ocrx_word' id='word_1_196' title='bbox 569 2129 660 2167; x_wconf 89' lang='lat' dir='ltr'>eius</span> <span class='ocrx_word' id='word_1_197' title='bbox 686 2129 795 2178; x_wconf 88' lang='lat' dir='ltr'>(eius</span> <span class='ocrx_word' id='word_1_198' title='bbox 823 2128 988 2168; x_wconf 77' lang='lat' dir='ltr'>omitted</span> <span class='ocrx_word' id='word_1_199' title='bbox 1016 2128 1068 2177; x_wconf 78' lang='lat' dir='ltr'>by</span> <span class='ocrx_word' id='word_1_200' title='bbox 1097 2128 1168 2177; x_wconf 84' lang='lat' dir='ltr'>M)</span> <span class='ocrx_word' id='word_1_201' title='bbox 1188 2128 1440 2175; x_wconf 51' lang='lat' dir='ltr'>Balbum</span> <span class='ocrx_word' id='word_1_202' title='bbox 1472 2128 1609 2168; x_wconf 90' lang='lat' dir='ltr'>filium</span> <span class='ocrx_word' id='word_1_203' title='bbox 1635 2130 1726 2169; x_wconf 84' lang='lat' dir='ltr'>eius</span> 
     </span>
     <span class='ocr_line' id='line_1_30' title="bbox 232 2181 1370 2234; baseline -0.002 -12"><span class='ocrx_word' id='word_1_204' title='bbox 232 2182 396 2222; x_wconf 77' lang='lat' dir='ltr'>omitted</span> <span class='ocrx_word' id='word_1_205' title='bbox 416 2183 466 2232; x_wconf 77' lang='lat' dir='ltr'>by</span> <span class='ocrx_word' id='word_1_206' title='bbox 485 2182 564 2221; x_wconf 86' lang='lat' dir='ltr'>PA</span> <span class='ocrx_word' id='word_1_207' title='bbox 581 2183 619 2221; x_wconf 89' lang='lat' dir='ltr'><em>B</em></span> <span class='ocrx_word' id='word_1_208' title='bbox 631 2199 659 2221; x_wconf 88' lang='grc' dir='ltr'>π</span> <span class='ocrx_word' id='word_1_209' title='bbox 671 2198 700 2232; x_wconf 90' lang='grc' dir='ltr'>μ</span> <span class='ocrx_word' id='word_1_210' title='bbox 712 2196 723 2229; x_wconf 92' lang='lat'>;</span> <span class='ocrx_word' id='word_1_211' title='bbox 761 2181 803 2222; x_wconf 90' lang='lat' dir='ltr'>S.</span> <span class='ocrx_word' id='word_1_212' title='bbox 824 2182 855 2222; x_wconf 87' lang='lat' dir='ltr'>f.</span> <span class='ocrx_word' id='word_1_213' title='bbox 877 2183 967 2221; x_wconf 87' lang='lat' dir='ltr'>eius</span> <span class='ocrx_word' id='word_1_214' title='bbox 988 2181 1213 2234; x_wconf 83' lang='lat' dir='ltr'>Scipionis,</span> <span class='ocrx_word' id='word_1_215' title='bbox 1233 2182 1370 2233; x_wconf 68' lang='lat' dir='ltr'>Nipp.</span> 
     </span>
    </p>
   </div>
   <div class='ocr_carea' id='block_1_4' title="bbox 1596 2286 1723 2294">
    <p class='ocr_par' dir='ltr' id='par_1_9' title="bbox 1596 2286 1723 2294">
     <span class='ocr_line' id='line_1_31' title="bbox 1596 2286 1723 2294; baseline 0 648"><span class='ocrx_word' id='word_1_216' title='bbox 1596 2286 1723 2294; x_wconf 95' lang='lat' dir='ltr'> </span> 
     </span>
    </p>
   </div>
   <div class='ocr_carea' id='block_1_5' title="bbox 292 2349 1726 2402">
    <p class='ocr_par' dir='ltr' id='par_1_10' title="bbox 292 2349 1726 2402">
     <span class='ocr_line' id='line_1_32' title="bbox 292 2349 1726 2402; baseline 0.001 -13"><span class='ocrx_word' id='word_1_217' title='bbox 292 2351 309 2376; x_wconf 81' lang='lat'>1</span> <span class='ocrx_word' id='word_1_218' title='bbox 337 2350 482 2402; x_wconf 87' lang='lat' dir='ltr'>Nepos</span> <span class='ocrx_word' id='word_1_219' title='bbox 503 2350 660 2389; x_wconf 81' lang='lat' dir='ltr'>should</span> <span class='ocrx_word' id='word_1_220' title='bbox 684 2350 796 2389; x_wconf 82' lang='lat' dir='ltr'>have</span> <span class='ocrx_word' id='word_1_221' title='bbox 818 2351 993 2389; x_wconf 76' lang='lat' dir='ltr'>written</span> <span class='ocrx_word' id='word_1_222' title='bbox 1015 2350 1078 2390; x_wconf 69' lang='lat' dir='ltr'>bis</span> <span class='ocrx_word' id='word_1_223' title='bbox 1100 2349 1188 2389; x_wconf 84' lang='lat' dir='ltr'>and</span> <span class='ocrx_word' id='word_1_224' title='bbox 1212 2349 1424 2401; x_wconf 80' lang='lat' dir='ltr'>quintum3</span> <span class='ocrx_word' id='word_1_225' title='bbox 1454 2364 1523 2391; x_wconf 84' lang='lat' dir='ltr'>see</span> <span class='ocrx_word' id='word_1_226' title='bbox 1546 2350 1726 2399; x_wconf 84' lang='lat' dir='ltr'>Gellius,</span> 
     </span>
    </p>
   </div>
   <div class='ocr_carea' id='block_1_6' title="bbox 235 2407 1725 2551">
    <p class='ocr_par' dir='ltr' id='par_1_11' title="bbox 235 2407 1725 2551">
     <span class='ocr_line' id='line_1_33' title="bbox 235 2407 1725 2510; baseline 0.002 -14"><span class='ocrx_word' id='word_1_227' title='bbox 235 2407 425 2497; x_wconf 42' lang='lat' dir='ltr'>X⁶²1·The</span> <span class='ocrx_word' id='word_1_228' title='bbox 463 2456 601 2497; x_wconf 79' lang='lat' dir='ltr'>battle</span> <span class='ocrx_word' id='word_1_229' title='bbox 638 2458 830 2510; x_wconf 82' lang='lat' dir='ltr'>actually</span> <span class='ocrx_word' id='word_1_230' title='bbox 868 2458 974 2498; x_wconf 87' lang='lat' dir='ltr'>took</span> <span class='ocrx_word' id='word_1_231' title='bbox 1011 2458 1132 2510; x_wconf 85' lang='lat' dir='ltr'>place</span> <span class='ocrx_word' id='word_1_232' title='bbox 1170 2470 1226 2498; x_wconf 91' lang='lat' dir='ltr'>on</span> <span class='ocrx_word' id='word_1_233' title='bbox 1263 2457 1338 2497; x_wconf 86' lang='lat' dir='ltr'>the</span> <span class='ocrx_word' id='word_1_234' title='bbox 1377 2457 1463 2510; x_wconf 82' lang='lat' dir='ltr'>day</span> <span class='ocrx_word' id='word_1_235' title='bbox 1500 2459 1613 2499; x_wconf 77' lang='lat' dir='ltr'>after</span> <span class='ocrx_word' id='word_1_236' title='bbox 1651 2459 1725 2499; x_wconf 73' lang='lat' dir='ltr'>the</span> 
     </span>
     <span class='ocr_line' id='line_1_34' title="bbox 236 2513 500 2551; baseline 0 0"><span class='ocrx_word' id='word_1_237' title='bbox 236 2513 500 2551; x_wconf 65' lang='lat' dir='ltr'>conierence.</span> 
     </span>
    </p>
   </div>
   <div class='ocr_carea' id='block_1_7' title="bbox 230 2583 319 2642">
    <p class='ocr_par' dir='ltr' id='par_1_12' title="bbox 230 2583 319 2642">
     <span class='ocr_line' id='line_1_35' title="bbox 230 2583 319 2642; baseline 0 -15"><span class='ocrx_word' id='word_1_238' title='bbox 230 2583 319 2642; x_wconf 84' lang='lat'>632</span> 
     </span>
    </p>
   </div>
  </div>
 </body>
</html>
