1747 2912
521 116 575 162 L.
627 114 960 162 ANNAEUS
1010 113 1282 161 FLORUS

150 247 379 294 dominos
411 261 522 292 suos
559 247 827 299 exercitus,
852 246 948 288 nisi
983 241 1048 287 ad
1084 239 1452 287 conciliandum
1476 239 1637 301 plebis

153 334 375 380 favorem
423 332 576 379 effusa
615 331 832 392 largitio,
874 329 995 375 dum
1043 328 1340 390 spectaculis
1388 326 1637 388 indulget,

66 430 114 469 11
153 421 397 484 supplicia
445 418 699 482 quondam
737 417 957 463 hostium
999 423 1159 462 artem
1200 414 1462 461 faceret?1
1533 413 1640 459 Iam

153 516 212 556 ut
226 510 525 570 speciosiora
540 509 661 552 vitia
678 512 962 566 tangamus,
978 519 1147 549 nonne
1163 503 1380 548 ambitus
1396 501 1642 547 honorum

67 603 115 644 12
153 598 215 642 ab
241 595 402 642 isdem
428 595 615 640 divitiis
641 594 956 639 concitatus?
1027 591 1222 653 Atquin
1246 589 1366 636 inde
1401 589 1642 645 Mariana,

154 683 273 730 inde
301 682 504 729 Sullana
539 686 830 742 tempestas.
906 679 1012 724 Aut
1047 677 1341 739 magnificus
1375 682 1642 738 apparatus

155 773 496 818 conviviorum
522 775 575 814 et
601 773 892 829 sumptuosa
928 766 1127 827 largitio
1162 781 1266 810 non
1297 764 1361 810 ab
1384 763 1644 826 opulentia

71 867 119 906 13
155 862 377 921 paritura
420 872 535 901 mox
576 855 898 917 egestatem?
972 853 1116 899 Haec
1149 852 1417 898 Catilinam
1453 854 1644 913 patriae

157 961 275 993 suae
325 947 536 1006 inpegit.
643 942 878 1004 Denique
933 940 1019 986 illa
1065 943 1172 1002 ipsa
1229 941 1539 1002 principatus
1591 944 1645 984 et

157 1031 452 1080 dominandi
479 1030 660 1092 cupido
685 1029 820 1076 unde
845 1032 941 1074 nisi
978 1044 1040 1074 ex
1076 1030 1243 1073 nimiis
1267 1027 1444 1089 opibus
1470 1027 1644 1072 venit?

158 1121 354 1183 Atquin
393 1119 518 1164 haec
563 1118 826 1163 Caesarem
864 1123 1017 1178 atque
1053 1115 1349 1176 Pompeium
1385 1113 1645 1160 furialibus

74 1216 125 1255 14
160 1212 211 1254 in
239 1210 451 1254 exitium
477 1209 549 1251 rei
576 1204 806 1267 publicae
832 1203 1022 1249 facibus
1048 1205 1270 1249 armavit.
1347 1202 1458 1247 Hos
1491 1204 1646 1262 igitur

158 1298 318 1342 omnis
389 1293 690 1339 domesticos
750 1298 916 1337 motus
978 1296 1231 1352 separatos
1301 1289 1364 1334 ab
1423 1291 1645 1335 externis

157 1386 402 1444 iustisque
429 1380 573 1426 bellis
599 1395 661 1426 ex
688 1379 863 1425 ordine
889 1393 1260 1440 persequemur.

214 1499 230 1524 ยน
257 1503 398 1539 artem
418 1497 584 1537 faceret
603 1497 810 1537 Iahnius:
842 1499 937 1535 arte
958 1495 1099 1535 fecere
1117 1495 1180 1534 B:
1211 1497 1351 1534 artem
1371 1493 1481 1534 facit
1499 1493 1596 1534 NL.

162 2517 256 2562 216
