1802 2942
130 517 182 557 60

128 1218 177 1257 61

131 1481 181 1520 62

129 1657 180 1696 63

122 2181 183 2218 -64

128 2442 184 2481 65

581 210 634 257 L.
687 209 1020 257 ANNAEUS
1072 209 1342 259 FLORUS

218 337 421 400 quidem
483 342 533 384 in
587 337 819 385 fluctibus
884 339 1243 400 paludamento
1303 356 1391 386 seu
1450 338 1555 386 fato
1613 355 1701 386 seu

219 425 439 482 consilio,
465 433 523 472 ut
547 425 673 472 illud
698 427 1054 488 ingruentibus
1082 426 1305 473 hostium
1329 426 1445 472 telis
1471 430 1702 489 saxisque

219 519 493 573 peteretur.
569 513 711 558 Tunc
747 519 982 574 receptus
1018 530 1047 558 a
1085 513 1301 559 classicis
1336 516 1452 570 suis,
1478 513 1703 576 undique

217 599 364 646 simul
403 599 573 646 hostes
623 600 826 647 adortus
874 600 939 646 de
988 601 1164 646 inbelli
1211 617 1268 646 ac
1316 600 1506 662 perfida
1544 607 1701 662 gente

216 690 347 733 iusta
370 691 546 748 generi
583 689 813 734 manibus
850 687 1009 734 dedit.
1082 687 1285 750 Quippe
1323 694 1376 734 et
1411 688 1704 734 Theodotus

217 778 455 836 magister
480 782 755 837 auctorque
780 778 938 822 totius
963 775 1102 832 belli,
1131 782 1184 821 et
1207 792 1273 821 ne
1299 776 1458 821 virilia
1494 775 1703 838 quidem

217 868 470 923 portenta,
520 862 763 908 Pothinus
813 869 966 924 atque
1016 862 1338 925 Ganymedes
1380 863 1576 909 diversa
1612 879 1704 925 per

217 951 360 994 marev
379 955 432 995 et
456 955 614 995 terras
648 949 768 1011 fuga
797 956 960 996 morte
987 953 1283 1011 consumpti.
1361 950 1510 1011 Regis
1546 953 1701 1012 ipsius

218 1052 394 1098 corpus
427 1037 665 1083 obrutum
691 1037 810 1082 limo
836 1043 1096 1099 repertum
1122 1044 1200 1083 est
1232 1041 1284 1083 in
1309 1053 1490 1084 aureae
1515 1038 1698 1084 loricae

218 1124 421 1170 honore.

283 1211 343 1256 In
393 1212 512 1257 Asia
563 1228 762 1274 quoque
815 1228 972 1258 novus
1027 1228 1195 1258 rerum
1242 1219 1408 1258 motus
1453 1230 1482 1258 a
1524 1213 1700 1271 Ponto,

218 1299 366 1361 plane
388 1299 406 1328 1
443 1303 583 1361 quasi
633 1299 697 1345 de
740 1299 985 1345 industria
1029 1306 1267 1361 captante
1315 1299 1518 1346 fortuna
1565 1300 1700 1346 hunc

216 1387 565 1433 Mithridatico
602 1403 760 1449 regno
798 1390 1006 1444 exitum,
1046 1394 1102 1433 ut
1137 1404 1167 1435 a
1204 1387 1443 1449 Pompeio
1477 1394 1639 1450 pater,
1674 1405 1704 1434 a

221 1475 430 1520 Caesare
478 1474 606 1520 filius
654 1478 956 1522 vinceretur.
1042 1475 1148 1521 Rex
1209 1474 1490 1522 Pharnaces
1543 1479 1704 1538 magis

218 1562 495 1608 discordiae
529 1569 730 1608 nostrae
763 1562 945 1608 fiducia
971 1578 1120 1624 quam
1146 1578 1263 1609 suae
1289 1566 1487 1610 virtutis
1513 1562 1701 1609 infesto

216 1653 269 1694 in
308 1649 674 1711 Cappadociam
704 1653 906 1711 agmine
940 1651 1132 1696 ruebat.
1209 1649 1310 1697 Sed
1352 1649 1488 1696 hunc
1522 1650 1704 1697 Caesar

218 1737 481 1798 adgressus
521 1753 618 1782 uno
656 1743 724 1794 et,
762 1743 820 1783 ut
857 1740 925 1783 sic
963 1737 1193 1794 dixerim,
1230 1753 1333 1783 non
1369 1744 1479 1784 toto
1513 1738 1705 1800 proelio

217 1825 437 1881 obtrivit,
485 1840 621 1870 more
665 1824 905 1881 fulminis,
945 1824 1080 1887 quod
1123 1840 1223 1870 uno
1274 1824 1555 1888 eodemque
1599 1841 1704 1872 mo-

217 1918 392 1958 mento
417 1915 574 1968 venit,
600 1915 863 1973 percussit,
888 1912 1142 1958 abscessit.
1217 1912 1325 1958 Nec
1362 1929 1488 1958 vana
1505 1912 1525 1941 2
1549 1913 1615 1960 de
1649 1930 1704 1961 se

217 1999 525 2061 praedicatio
574 2005 652 2045 est
692 1998 926 2057 Caesaris,
966 2005 1086 2046 ante
1127 1999 1326 2046 hostem
1364 2003 1554 2046 victum
1594 2017 1703 2048 esse

218 2103 367 2148 quam
393 2089 564 2132 visum.

287 2173 368 2220 Sic
394 2189 507 2219 cum
535 2177 748 2228 exteris3
786 2180 839 2220 at
863 2177 916 2220 in
954 2173 1125 2220 Africa
1161 2191 1274 2221 cum
1311 2175 1502 2222 civibus
1538 2175 1701 2222 multo

218 2264 432 2307 atrocius
459 2277 608 2322 quam
644 2264 695 2306 in
736 2261 1000 2309 Pharsalia.
1077 2262 1179 2308 Hic
1215 2261 1448 2324 reliquias
1484 2266 1702 2324 partium

219 2347 573 2409 naufragarum
613 2348 815 2410 quidam
856 2348 1006 2410 fugae
1058 2356 1226 2396 aestus
1265 2349 1556 2411 expulerat;
1606 2366 1701 2397 nec

222 2435 454 2497 reliquias
502 2435 712 2493 diceres,
752 2435 841 2482 sed
891 2440 1147 2498 integrum
1196 2435 1400 2484 bellum.
1489 2437 1700 2500 Sparsae

462 2551 475 2575 ¹
503 2552 631 2604 plane
652 2566 730 2592 om.
754 2553 803 2594 B.
1053 2552 1070 2577 ²
1099 2566 1239 2596 vana:
1268 2567 1356 2594 una
1375 2555 1426 2596 B.

221 2628 311 2673 286
