1747 2912
93 296 145 336 35

93 779 146 819 36

545 162 598 208 L.
650 160 984 207 ANNAEUS
1034 159 1305 209 FLORUS

252 289 534 336 Sardiniam
595 289 850 336 Gracchus
921 291 1143 350 arripuit.
1240 286 1341 334 Sed
1410 286 1536 333 nihil
1593 286 1668 334 illi

183 373 414 431 gentium
450 369 623 416 feritas
663 369 1243 430 Insanorumque—nam
1267 371 1337 413 sic
1361 374 1671 414 vocantur-

183 453 450 496 inmanitas
497 453 746 496 montium
792 449 1042 512 profuere.
1130 447 1387 494 Saevitum
1431 451 1484 493 in
1520 449 1670 495 urbes

184 531 461 593 urbemque
531 532 730 577 urbium
790 530 1018 587 Caralim,
1077 536 1134 576 ut
1203 545 1328 591 gens
1399 535 1671 575 contumax

183 611 394 673 vilisque
440 615 614 658 mortis
662 611 842 658 saltem
889 610 1140 657 desiderio
1186 613 1336 672 patrii
1375 609 1466 656 soli
1502 609 1671 656 doma-

184 699 336 738 retur.

240 773 302 819 ln
337 774 635 835 Hispaniam
667 777 803 820 missi
842 774 1045 820 Gnaeus
1085 780 1138 820 et
1179 772 1377 819 Publius
1414 772 1672 834 Scipiones

184 871 345 915 paene
371 862 531 900 totam
561 855 738 901 Poenis
775 858 1082 916 eripuerant,
1108 854 1197 900 sed
1233 854 1425 900 insidiis
1455 853 1670 899 Punicae

183 933 370 980 fraudis
410 939 633 996 oppressi
671 952 866 981 rursum
905 939 1191 992 amiserant,
1228 937 1423 996 magnis
1467 934 1673 996 quidem

182 1014 255 1059 illi
313 1015 514 1076 proeliis
573 1032 687 1061 cum
738 1016 947 1062 Punicas
1000 1031 1120 1077 opes
1167 1015 1480 1061 cecidissent.
1572 1014 1672 1061 Sed

186 1095 405 1143 Punicae
454 1097 665 1142 insidiae
712 1096 929 1143 alterum
977 1095 1109 1143 ferro
1156 1102 1316 1142 castra
1374 1101 1675 1153 metantem,

182 1176 412 1235 alterum,
463 1193 577 1223 cum
635 1177 753 1223 vixl
803 1181 1041 1224 evasisset
1089 1181 1142 1223 in
1189 1183 1399 1234 turrem,
1449 1180 1672 1223 cinctum

92 1262 146 1303 37
177 1256 368 1303 facibus
405 1265 771 1319 oppresserant.
849 1259 1012 1320 Igitur
1054 1262 1107 1303 in
1143 1258 1389 1304 ultionem
1425 1261 1580 1320 patris
1615 1273 1674 1303 ac

92 1425 147 1465 38

95 1829 145 1869 39

93 2155 146 2193 40

183 1341 348 1399 patrui
384 1342 562 1385 missus
600 1356 714 1385 cum
753 1343 979 1386 exercitu
1022 1339 1206 1401 Scipio,
1233 1343 1312 1385 cui
1345 1342 1443 1384 iam
1480 1337 1674 1400 grande

185 1418 249 1464 de
275 1418 446 1464 Africa
470 1436 657 1466 nomen
681 1419 785 1466 fata
810 1420 1157 1477 decreverant,
1182 1420 1496 1466 bellatricem
1520 1419 1672 1477 illam,

183 1502 299 1545 viris
323 1504 572 1562 armisque
598 1501 817 1547 nobilem
850 1502 1163 1562 Hispaniam,
1188 1501 1325 1546 illam
1350 1503 1673 1546 seminarium

182 1579 378 1626 hostilis
406 1584 672 1639 exercitus,
698 1581 865 1643 pusilli
894 1582 1031 1627 illam
1056 1585 1154 1627 iam
1171 1581 1192 1612 2
1218 1581 1483 1627 Annibalis
1508 1581 1672 1627 erudi-

183 1662 727 1709 tricem—incrediblle
755 1663 1125 1709 dictu—totam
1149 1680 1177 1708 a
1198 1662 1465 1726 Pyrenaeis
1489 1665 1672 1708 monti-

187 1742 280 1788 bus
311 1746 363 1787 in
389 1743 626 1789 Herculis
665 1744 921 1790 columnas
958 1751 1011 1790 et
1048 1743 1308 1791 Oceanum
1340 1746 1673 1804 recuperavit,

184 1827 375 1869 nescias
401 1827 547 1870 citius
572 1842 636 1869 an
661 1824 872 1875 felicius.
945 1825 1109 1883 Quam
1145 1825 1402 1882 velociter,
1435 1830 1673 1887 quattuor

183 1907 303 1949 anni
340 1903 595 1960 fatentur3
633 1922 783 1968 quam
819 1905 984 1963 facile,
1017 1906 1096 1952 vel
1133 1923 1232 1952 una
1268 1909 1441 1952 civitas
1476 1906 1668 1967 probat.

184 1984 378 2030 Eodem
439 1989 625 2048 quippe
685 2003 783 2049 quo
843 1988 1043 2033 obsessa
1101 1993 1179 2033 est
1236 1986 1319 2032 die
1379 1993 1525 2048 capta
1578 1992 1671 2043 est,

184 2066 472 2128 omenque3
500 2066 769 2113 Africanae
805 2071 1043 2114 victoriae
1077 2067 1191 2125 fuit,
1216 2067 1350 2130 quod
1385 2073 1489 2113 tam
1525 2066 1672 2113 facile

186 2150 317 2192 victa
360 2153 438 2193 est
480 2148 759 2209 Hispaniae
798 2148 1061 2210 Carthago.
1137 2148 1343 2195 Certum
1386 2154 1464 2194 est
1499 2154 1674 2195 tamen

182 2227 246 2273 ad
314 2227 674 2290 profligandam
745 2233 1050 2291 provinciam
1119 2233 1335 2275 maxime
1404 2227 1673 2290 profecisse

235 2344 251 2369 1
280 2344 356 2382 vix
380 2346 676 2386 Rossbachius:
708 2347 796 2385 vim
818 2346 871 2387 B.

235 2398 251 2422 ²
279 2399 429 2449 pusilli
465 2399 586 2439 illam
633 2402 748 2440 iam:
799 2400 950 2453 pusilli
988 2401 1074 2440 iam
1121 2399 1189 2440 B:
1237 2399 1357 2439 illam
1396 2400 1502 2440 NL:
1551 2398 1670 2439 illam

183 2453 265 2492 iam
302 2454 341 2494 l.

238 2508 255 2531 ³
285 2520 523 2559 omenque:
554 2521 797 2560 nomenque
817 2508 885 2550 B:
914 2519 1172 2560 omnemque
1191 2507 1266 2547 LI.

188 2587 281 2630 106
