1802 2942
614 147 668 193 L.
720 147 814 191 AN
825 145 1054 192 NAEUS
1105 145 1375 192 FLORUS

169 283 213 322 13
247 279 398 322 trium
437 278 720 337 principum
763 281 1047 335 occupatur.
1137 274 1333 320 Decem
1374 290 1532 321 annos
1582 278 1736 321 traxit

249 367 344 409 ista
369 363 644 408 dominatio
670 378 732 408 ex
757 361 874 419 fide,
898 364 1013 423 quia
1036 368 1214 408 mutuo
1238 367 1381 407 metu
1405 362 1729 408 tenebantur.

252 450 410 496 Crassi
457 456 619 495 morte
666 449 799 510 apud
845 448 1069 506 Parthos,
1108 454 1272 495 morte
1318 448 1475 495 Iuliae
1514 449 1737 496 Caesaris

250 537 397 594 filiae,
436 553 564 599 quae
607 543 767 598 nupta
808 536 1047 598 Pompeio
1089 539 1266 598 generi
1314 540 1572 599 socerique
1621 553 1737 582 con-

252 625 471 671 cordiam
541 627 847 670 matrimonii
907 623 1113 670 foedere
1184 624 1495 680 continebat,
1567 627 1738 670 statim

164 720 213 757 14
247 711 518 758 aemulatio
554 715 732 773 erupit.
809 711 913 756 Iam
954 711 1191 772 Pompeio
1228 718 1491 772 suspectae
1516 710 1738 757 Caesaris

249 815 369 861 opes
396 806 448 845 et
474 799 668 844 Caesari
697 798 999 860 Pompeiana
1023 798 1243 860 dignitas
1268 802 1445 860 gravis.
1520 798 1629 845 Nec
1652 798 1738 845 ille

250 886 445 934 ferebat
464 903 652 948 parem,
679 902 774 932 nec
799 886 880 931 hic
906 889 1227 947 superiorem.
1309 886 1399 931 Pro
1423 885 1564 932 nefas
1586 887 1596 932 l
1657 886 1738 933 Sic

249 973 315 1020 de
351 977 634 1036 principatu
673 973 985 1030 laborabant,
1018 980 1276 1035 tamquam
1316 973 1440 1019 duos
1483 977 1613 1020 tanti
1647 977 1734 1019 im-

164 1070 212 1108 15
249 1065 375 1124 perii
422 1061 622 1107 fortuna
670 1077 771 1106 non
821 1067 1041 1122 caperet.
1135 1060 1271 1123 Ergo
1330 1060 1548 1107 Lentulo
1606 1061 1734 1106 Mar-

249 1149 477 1211 celloque
539 1148 826 1194 consulibus
886 1155 1034 1210 rupta
1093 1152 1309 1210 primum
1381 1152 1739 1194 coniurationis

250 1235 411 1283 fides.1
508 1236 585 1282 De
635 1239 949 1282 successione
1010 1237 1230 1282 Caesaris
1279 1242 1498 1293 senatus,
1557 1235 1608 1282 id
1663 1242 1741 1283 est

255 1324 536 1385 Pompeius,
569 1325 811 1386 agitabat,
852 1340 947 1369 nec
987 1323 1073 1370 ille
1113 1324 1384 1381 abnuebat,
1423 1327 1463 1369 si
1500 1326 1628 1370 ratio
1665 1327 1740 1370 sui

164 1417 212 1456 16
248 1414 484 1472 proximis
522 1414 734 1458 comitiis
760 1410 1046 1458 haberetur.
1123 1411 1196 1457 Ut
1221 1411 1426 1457 daretur
1451 1410 1740 1457 consulatus

249 1500 462 1555 absenti,
484 1515 634 1560 quem
659 1498 838 1545 decem
864 1499 1055 1545 tribuni
1080 1498 1284 1545 favente
1312 1498 1552 1560 Pompeio
1576 1515 1739 1560 nuper

249 1586 595 1644 decreverant,
611 1586 961 1633 dissimulante
987 1586 1168 1633 eodem
1191 1587 1474 1648 negabatur
1495 1602 1506 1631 :
1540 1589 1740 1633 veniret

164 1680 213 1721 17
250 1680 303 1720 et
349 1680 550 1735 peteret
608 1690 744 1720 more
792 1677 1047 1720 maiorum.
1146 1673 1238 1719 Ille
1288 1680 1462 1720 contra
1507 1672 1732 1735 flagitare

250 1761 469 1818 decreta,
508 1778 580 1818 ac,
620 1764 715 1807 nisi
763 1761 885 1808 fides
932 1767 1271 1824 permaneret,
1318 1778 1422 1807 non
1468 1764 1730 1808 remittere

250 1853 539 1895 exercitum.
616 1849 748 1911 Ergo
796 1856 853 1895 ut
900 1852 951 1894 in
998 1848 1195 1895 hostem
1246 1848 1549 1894 decernitur.
1640 1848 1738 1895 His

251 1936 429 1983 Caesar
487 1940 705 1999 agitatus
765 1940 942 1983 statuit
1001 1939 1221 1999 praemia
1279 1952 1530 1982 armorum
1589 1939 1738 1982 armis

254 2024 546 2071 defendere.

166 2118 213 2157 18
322 2112 485 2158 Prima
521 2114 676 2159 civilis
709 2113 826 2160 belli
867 2113 1055 2159 harena
1094 2112 1241 2159 Italia
1276 2111 1388 2165 fuit,
1423 2115 1562 2158 cuius
1597 2127 1735 2159 arces

250 2199 442 2246 levibus
486 2201 743 2263 praesidiis
788 2201 1054 2263 Pompeius
1096 2200 1381 2260 insederat,
1435 2199 1525 2246 sed
1572 2203 1739 2245 omnia

254 2363 282 2403 fi
299 2311 321 2404 1²
353 2313 542 2363 primum
560 2314 875 2352 coniurationis
893 2312 1000 2352 fides
1014 2312 1241 2352 Halmius:
1271 2312 1414 2364 prima
1427 2312 1739 2363 coniurationis

286 2379 301 2403 c
317 2379 339 2405 e
359 2368 471 2406 codd.

892 2496 907 2521 ¹
937 2498 988 2536 49
1010 2508 1092 2536 13.o.

252 2588 346 2632 270
