1747 2912
497 151 552 197 L.
604 149 940 196 ANNAEUS
992 147 1262 195 FLORUS

86 286 111 326 3
136 283 299 341 capite
342 279 557 325 multata
603 285 693 324 est.
768 277 835 323 Et
893 277 1124 323 tribunus
1178 276 1316 337 plebi
1379 274 1618 322 Metellus

134 353 406 392 exeuntem
431 346 613 391 ducem
636 344 935 390 hostilibusl
972 343 1091 389 diris
1116 342 1404 399 devoverat,
1427 349 1481 389 et
1504 358 1619 388 cum

137 413 355 475 Zeugma
411 416 674 459 transisset
732 414 998 466 exercitus,
1045 416 1187 471 rapta
1245 411 1422 455 subitis
1476 413 1620 470 signa

86 481 418 526 4turbinibus
465 479 632 525 hausit
679 478 980 539 Euphrates,
1026 484 1080 523 et
1126 492 1240 522 cum
1286 476 1421 537 apud
1468 475 1618 522 Nice-

137 547 367 609 phorium
385 554 544 593 castra
559 549 822 608 posuisset,
842 547 979 590 missi
1004 545 1066 590 ab
1083 543 1253 589 Orode
1272 543 1293 572 2
1318 559 1439 603 rege
1463 542 1620 604 legati

137 618 452 670 nuntiavere,
499 629 845 674 percussorum
903 628 1016 656 cum
1078 611 1314 672 Pompeio
1358 609 1621 655 foederum

86 689 112 726 5
139 681 376 743 Sullaque
400 684 723 726 meminisset.
800 679 967 739 Regiis
991 678 1189 723 inhians
1211 677 1298 723 ille
1321 676 1619 732 thensauris,

138 748 263 793 nihil
303 764 366 794 ne
410 750 702 809 imaginario
741 746 945 807 quidem
986 749 1110 801 iure,
1148 744 1237 791 sed
1279 743 1538 789 Seleuciae
1567 759 1621 789 se

87 821 112 860 6
138 831 490 877 responsurum
533 830 641 860 esse
684 813 957 874 respondit.
1033 812 1212 873 Itaque
1251 810 1321 856 dii
1357 810 1620 856 foederum

138 882 327 928 ultores
370 898 464 927 nec
506 880 697 927 insidiis
730 896 825 926 nec
866 882 1042 924 virtuti
1081 878 1302 924 hostium
1333 876 1621 923 defuerunt.

142 949 247 994 Iam
279 953 512 1010 primum,
537 951 622 1010 qui
651 947 783 993 solus
822 952 875 992 et
911 945 1189 992 subvehere
1227 951 1534 990 commeatus
1570 950 1624 990 et

141 1020 334 1062 munire
376 1022 577 1077 poterat
623 1031 650 1059 a
700 1021 862 1075 tergo,
910 1012 1114 1058 relictus
1155 1011 1455 1073 Euphrates,
1503 1011 1625 1057 dum

139 1083 371 1129 simulato
395 1081 687 1143 transfugae
713 1080 911 1127 cuidam
938 1079 1200 1125 Mazarae3
1238 1079 1362 1141 Syro
1387 1077 1622 1124 creditur.

94 1157 117 1198 7
142 1150 270 1195 Tum
290 1149 311 1178 4
345 1154 397 1194 in
421 1149 639 1195 mediam
665 1164 953 1210 camporum
978 1151 1265 1193 vastitatem
1291 1145 1473 1192 eodem
1496 1145 1625 1191 duce

140 1217 319 1263 ductus
379 1220 645 1272 exercitus,
692 1222 750 1261 ut
802 1214 1025 1277 undique
1082 1214 1215 1259 hosti
1273 1219 1622 1274 exponeretur.

90 1292 114 1329 8
143 1285 320 1346 Itaque
354 1283 559 1329 vixdum
583 1288 793 1328 venerat
826 1281 1050 1337 Carrhas,
1076 1297 1191 1327 cum
1225 1280 1447 1342 undique
1480 1295 1623 1341 prae-

139 1351 260 1397 fecti
286 1355 418 1412 regis
450 1350 635 1397 Silaces
661 1356 715 1395 et
739 1349 955 1395 Surenas
975 1347 995 1377 5
1031 1347 1301 1394 ostendere
1333 1350 1476 1409 signa
1508 1362 1627 1392 auro

140 1422 410 1480 sericisque
454 1417 646 1463 vexillis
685 1417 943 1462 vibrantia.
1015 1415 1158 1461 Tunc
1198 1418 1306 1460 sine
1352 1430 1489 1459 mora
1535 1417 1628 1459 cir-

143 1485 356 1531 cumfusi
414 1485 638 1546 undique
697 1487 951 1545 equitatus
1009 1486 1061 1527 in
1119 1481 1324 1527 modum
1371 1480 1628 1543 grandinis

142 1560 295 1615 atque
338 1551 621 1597 nimborum
658 1550 814 1596 densa
850 1553 1037 1612 pariter
1079 1549 1182 1595 tela
1217 1548 1473 1594 fuderunt.
1546 1547 1628 1594 Sic

87 1626 112 1666 9
144 1619 414 1666 miserabili
452 1626 618 1679 strage
667 1618 868 1663 deletus
910 1619 1172 1663 exercitus.
1247 1616 1362 1677 Ipse
1410 1619 1462 1660 in
1509 1631 1626 1660 con-

144 1687 367 1749 loquium
415 1686 726 1741 sollicitatus,
775 1689 918 1745 signo
959 1683 1079 1729 dato
1125 1686 1264 1729 vivus
1310 1682 1530 1728 hostium
1577 1685 1630 1727 in

143 1770 319 1800 manus
352 1753 628 1809 incidisset,
667 1755 761 1797 nisi
799 1753 1014 1797 tribunis
1055 1750 1420 1796 reluctantibus
1458 1749 1630 1810 fugam

145 1821 284 1866 ducis
319 1822 512 1865 barbari
543 1819 675 1865 ferro
708 1824 1050 1880 occupassent.
1129 1817 1227 1878 [Sic
1265 1832 1465 1878 quoque
1503 1815 1629 1862 rela-

59 1895 108 1935 10
145 1895 254 1934 tum
303 1894 454 1949 caput
495 1887 710 1932 ludibrio
751 1885 978 1932 hostibus
1017 1884 1191 1946 fuit.]⁶
1261 1883 1442 1929 Filium
1491 1883 1630 1929 ducis

220 2002 235 2026 1
264 2001 524 2041 hostilibus:
556 1999 756 2039 hostibus
776 2001 826 2040 B.
1065 1997 1081 2022 ²
1111 1997 1282 2039 Orode:
1316 1996 1478 2037 herode
1497 1997 1547 2036 B.

220 2056 237 2080 ³
267 2056 468 2094 Mazarae
489 2070 497 2094 :
529 2067 698 2093 mazare
718 2054 807 2093 BL.

223 2110 240 2135 ⁴
267 2116 362 2149 tum
383 2123 459 2148 om.
485 2109 549 2148 B:
581 2108 686 2146 dum
705 2108 753 2146 L.

221 2164 237 2188 ⁵
269 2164 454 2203 Surenas
476 2163 639 2202 Aldus:
673 2162 837 2200 sirenas
859 2161 918 2201 B:
953 2173 1131 2213 syrenas
1151 2159 1246 2200 NL.

221 2217 237 2241 ὅ
267 2217 472 2256 sic—fuit
489 2218 579 2255 secl.
604 2217 798 2255 Iahnius.

208 2347 223 2370 ²
254 2346 345 2385 The
377 2350 475 2385 text
505 2344 643 2384 adds:
677 2343 841 2382 “Thus
871 2343 938 2383 his
968 2342 1081 2382 head
1101 2355 1190 2382 was
1211 2341 1379 2381 carried
1405 2340 1517 2381 back
1545 2340 1633 2380 and

151 2399 325 2441 treated
346 2399 455 2438 with
476 2398 682 2450 mockery
702 2397 761 2449 by
781 2397 858 2436 the
879 2397 1076 2449 enemy.’'
1133 2396 1272 2435 These
1293 2394 1435 2435 words
1455 2408 1528 2434 are
1554 2399 1632 2434 out

151 2456 196 2494 of
223 2454 345 2506 place
374 2453 489 2501 here,
515 2452 602 2491 and
631 2465 656 2490 a
685 2451 852 2491 similar
881 2455 1122 2491 statement
1142 2462 1292 2489 occurs
1321 2450 1366 2489 in
1386 2449 1447 2489 its
1473 2461 1633 2502 proper

150 2509 273 2561 place
297 2521 322 2547 a
341 2507 426 2547 few
446 2507 556 2546 lines
576 2506 751 2545 further
770 2518 838 2545 on.

153 2602 247 2633 210
