1802 2942
638 146 1033 196 CORNELIUS
1077 146 1299 195 NEPOS

219 278 356 341 quod
381 284 537 323 noctu
564 276 739 332 fiebat,
766 276 1075 338 praesidium
1104 278 1151 322 ei
1176 278 1330 322 misit.
1397 274 1478 323 Sic
1503 276 1707 324 Atticus

217 349 270 391 in
297 361 492 390 summo
518 347 701 390 timore
727 359 829 389 non
855 342 1017 389 solum
1042 344 1154 398 sibi,
1179 343 1272 389 sed
1298 346 1455 389 etiam
1481 346 1528 390 ei
1553 360 1707 406 quem

218 414 530 459 carissimum
580 409 807 457 habebat
856 410 1108 472 praesidio
1158 408 1272 456 fuit.
1340 410 1521 473 Neque
1573 414 1708 457 enim

219 495 341 526 suae
379 477 542 525 solum
581 494 611 523 a
649 493 906 540 quoquam
945 476 1188 523 auxilium
1226 480 1361 539 petit
1398 476 1614 533 salutis)
1650 485 1710 525 ut

220 552 493 608 appareret
508 544 700 590 nullam
717 548 999 590 seiunctam
1016 545 1110 590 sibi
1129 544 1193 589 ab
1212 559 1272 590 eo
1289 543 1417 590 velle
1434 543 1706 592 fortunam.

169 619 195 659 6
218 612 368 671 Quod
402 615 442 659 si
477 613 790 675 gubernator
829 614 1103 673 praecipua
1141 610 1293 657 laude
1340 610 1586 667 effertur,2
1622 615 1708 674 qui

219 696 402 726 navem
434 695 498 725 ex
527 678 696 724 hieme
726 682 956 740 marique
985 677 1247 740 scopuloso
1276 686 1463 733 servat,
1491 695 1579 725 cur
1607 696 1709 725 non

220 746 486 809 singularis
535 749 641 792 eius
692 749 1014 792 existimetur
1060 745 1335 806 prudentia
1381 748 1467 807 qui
1517 761 1581 791 ex
1629 753 1710 793 tot

220 821 431 876 tamque
455 814 691 876 gravibus
715 812 945 874 procellis
968 811 1194 859 civilibus
1219 812 1284 858 ad
1305 812 1709 859 incolumitatem

220 882 489 944 pervenit?

285 945 367 995 11.
402 947 597 1005 Quibus
625 963 688 993 ex
712 945 856 992 malis
881 953 940 993 ut
963 961 1018 992 se
1045 949 1268 1001 emersit,
1293 944 1417 991 nihil
1441 945 1577 993 aliud
1602 949 1711 1009 egit

221 1031 376 1078 quam
402 1022 460 1061 ut
486 1031 639 1076 quam
658 1013 678 1042 3
703 1013 947 1075 plurimis,
974 1014 1156 1076 quibus
1180 1014 1331 1059 rebus
1358 1020 1548 1074 posset,
1574 1021 1710 1061 esset

222 1082 424 1128 auxilio.
492 1082 620 1127 Cum
682 1084 987 1142 proscriptos
1048 1083 1285 1142 praemiis
1345 1083 1710 1142 imperatorum

221 1149 401 1212 vulgus
437 1151 778 1210 conquireret,
814 1164 965 1194 nemo
1001 1149 1053 1193 in
1090 1147 1301 1209 Epirum
1338 1150 1480 1193 venit
1515 1150 1595 1194 cui
1629 1164 1710 1194 res

223 1217 325 1263 ulla
374 1214 614 1271 defuerit,
663 1217 853 1260 nemini
904 1231 1005 1260 non
1053 1215 1124 1261 ibi
1173 1221 1424 1276 perpetuo
1472 1215 1711 1261 manendi

173 1288 198 1326 2
219 1291 448 1346 potestas
476 1281 613 1329 facta
641 1290 748 1336 est3
778 1285 899 1344 quin
925 1285 1082 1328 etiam
1108 1288 1225 1343 post
1250 1280 1498 1343 proelium
1526 1280 1713 1344 Philip-

222 1365 380 1413 pense
407 1353 775 1412 interitumque
807 1348 860 1395 C.
891 1348 1048 1395 Cassii
1076 1355 1130 1394 et
1161 1347 1234 1393 M.
1264 1347 1408 1394 Bruti
1438 1347 1495 1394 L.
1527 1348 1712 1395 Iulium

227 1417 484 1464 Mocillam
544 1419 857 1479 praetorium
918 1422 972 1462 et
1032 1414 1190 1461 filium
1252 1418 1358 1461 eius
1418 1414 1712 1478 Aulumque

222 1485 538 1547 Torquatum
574 1491 874 1545 ceterosque
907 1485 1015 1545 pari
1047 1480 1254 1529 fortuna
1284 1481 1539 1544 perculsos
1570 1486 1713 1529 insti-

224 1556 325 1599 tuit
343 1551 364 1580 4
393 1554 528 1598 tueri
558 1558 715 1613 atque
748 1567 810 1596 ex
841 1550 996 1611 Epiro
1025 1552 1084 1596 iis
1115 1552 1284 1596 omnia
1313 1548 1712 1597 Samothraciam

221 1621 508 1681 supportari
546 1617 732 1664 iussit.5
798 1616 1012 1663 Difficile
1053 1623 1133 1663 est
1172 1619 1342 1662 omnia
1379 1620 1618 1679 persequi
1658 1624 1714 1665 et

175 1692 199 1732 3
221 1704 322 1733 non
374 1688 729 1732 necessarium.
798 1684 930 1731 Illud
981 1699 1137 1730 unum
1185 1683 1417 1746 intellegi
1466 1683 1712 1739 volumus,

223 1753 352 1799 illius
385 1752 748 1799 liberalitatem
782 1767 950 1813 neque
984 1753 1345 1813 temporariam
1378 1766 1545 1813 neque
1578 1750 1713 1797 calli-

173 1826 199 1864 4
222 1821 339 1867 dam
362 1818 533 1866 fuisse.
603 1819 663 1866 Id
688 1836 750 1864 ex
772 1821 891 1881 ipsis
913 1819 1065 1864 rebus
1089 1834 1146 1863 ac
1168 1818 1482 1880 temporibus
1503 1818 1712 1865 iudicari

225 1894 414 1950 potest,
469 1887 605 1948 quod
658 1903 758 1932 non
811 1884 1107 1932 florentibus
1161 1900 1216 1931 se
1269 1885 1570 1940 venditavit,
1622 1885 1713 1932 sed

225 1955 419 2000 afflictis
465 1969 667 2015 semper
712 1955 985 2006 succurrit3
1049 1954 1135 2014 qui
1182 1951 1389 2014 quidem
1434 1950 1713 2009 Serviliam,

291 2080 306 2103 1
337 2079 455 2131 After
489 2079 642 2117 salutis
677 2078 740 2117 the
778 2078 912 2117 MSS.
949 2077 1049 2117 have
1083 2076 1159 2116 sed
1193 2077 1429 2122 conjuncti,
1463 2076 1596 2116 which
1628 2090 1714 2117 was

231 2133 382 2172 deleted
409 2133 460 2184 by
495 2131 731 2178 Vielhaber3
775 2144 916 2183 neque
947 2161 957 2171 .
990 2161 999 2171 .
1032 2161 1042 2171 .
1073 2132 1308 2177 coniuncti,
1335 2130 1487 2170 deleted
1512 2130 1564 2182 by
1589 2131 1714 2171 Eber-

232 2186 347 2226 hard.

286 2241 302 2265 2
330 2240 521 2285 effertur,
546 2241 755 2285 Eussner3
785 2238 939 2286 fertur,
962 2237 1094 2279 MSS.

288 2295 304 2318 ³
332 2307 480 2344 quam,
501 2292 633 2331 added
654 2292 705 2342 by
726 2291 982 2341 Grasberqer.

286 2348 302 2372 4
330 2348 538 2392 instituit,
563 2346 765 2391 Lambin;
803 2347 1058 2391 instituerit,
1083 2344 1217 2384 MSS.

289 2402 305 2426 ⁵
333 2402 473 2446 iussit,
497 2400 700 2445 Lambin3
739 2401 925 2445 iusserit,
950 2399 1084 2438 MSS.

620 2534 636 2560 ¹
665 2534 743 2575 See
765 2538 867 2574 note
890 2547 946 2574 on
970 2536 1008 2575 8.
1031 2535 1057 2574 6
1080 2536 1140 2587 (p.
1164 2536 1277 2584 667).

224 2608 312 2665 672
