1802 2942
656 154 1051 204 CORNELIUS
1096 153 1318 203 NEPOS

235 302 351 333 cum
381 301 436 332 se
466 292 685 348 uterque
715 288 997 347 principem
1027 301 1129 330 non
1159 283 1322 330 solum
1352 283 1489 329 urbis
1519 281 1729 336 Romae,

237 359 328 405 sed
351 360 484 405 orbis
508 366 760 404 terrarum
786 374 896 404 esse
920 365 1148 419 cuperet.

301 429 383 481 21.
417 432 527 478 Tali
551 432 702 478 modo
727 448 843 477 cum
869 431 968 476 VII
997 438 1050 477 et
1077 430 1220 476 LXX
1245 446 1403 476 annos
1427 429 1732 492 complesset

238 513 394 569 atque
420 506 485 553 ad
509 513 794 552 extremam
819 511 1142 552 senectutem
1164 521 1266 551 non
1289 507 1455 550 minus
1478 504 1731 567 dignitate

238 597 391 643 quam
451 583 617 643 gratia
675 578 984 642 fortunaque
1043 577 1538 625 crevisset—multas
1597 581 1732 624 enim

237 653 552 700 hereditates
587 653 725 700 nulla
759 653 857 699 alia
889 668 943 698 re
979 669 1133 715 quam
1166 652 1399 698 bonitate
1433 658 1732 698 consecutus

245 736 323 775 est
342 728 679 790 1—tantaque
706 730 1047 791 prosperitate
1073 743 1190 773 usus
1218 727 1388 773 esset2
1411 726 1734 783 valetudinis,

189 808 212 845 2
236 811 294 850 ut
333 805 476 848 annis
515 805 729 865 triginta
767 802 1021 848 medicina
1058 818 1160 847 non
1197 801 1518 864 indiguisset,
1553 807 1734 848 nactus

241 884 320 923 est
361 877 613 932 morbum,
658 892 811 938 quem
854 878 1000 921 initio
1045 881 1099 921 et
1141 878 1250 937 ipse
1295 881 1350 921 et
1391 874 1576 921 medici
1617 891 1735 921 con-

237 957 589 1012 tempserunt,
664 965 783 994 nam
839 955 1089 1010 putarunt
1146 964 1256 994 esse
1311 955 1600 1004 tenesmon,
1653 950 1734 994 cui

188 1024 463 1070 3remedia
502 1023 689 1070 celeria
729 1021 998 1085 faciliaque
1039 1022 1472 1084 proponebantur.
1541 1021 1602 1068 In
1639 1020 1735 1069 hoc

238 1114 354 1144 cum
390 1104 495 1143 tres
532 1113 733 1142 menses
771 1099 879 1142 sine
916 1095 1028 1142 ullis
1065 1095 1338 1151 doloribus,
1373 1102 1736 1158 praeterquam

240 1188 365 1234 quos
412 1187 476 1217 ex
521 1173 783 1217 curatione
829 1170 1068 1232 capiebat
1111 1171 1524 1231 consumpsisset,
1567 1170 1737 1216 subito

238 1251 387 1292 tanta
424 1248 495 1290 vis
533 1244 695 1290 morbi
732 1246 784 1289 in
820 1241 1017 1288 imum³
1055 1245 1357 1289 intestinum
1393 1246 1640 1305 prorupit,
1678 1250 1736 1290 ut

241 1326 472 1365 extremo
493 1324 727 1380 tempore
747 1333 839 1379 per
858 1316 1057 1364 lumbos
1079 1316 1279 1363 fistulae
1299 1320 1437 1379 puris
1460 1320 1734 1379 eruperint.

188 1400 214 1436 4
301 1392 476 1455 Atque
517 1391 612 1437 hoc
651 1394 946 1454 priusquam
984 1394 1029 1437 ei
1066 1391 1337 1446 accideret,
1371 1397 1644 1453 postquam
1685 1392 1737 1437 in

240 1466 348 1513 dies
385 1465 582 1512 dolores
621 1480 907 1511 accrescere
944 1462 1217 1527 febresque
1255 1467 1524 1510 accessisse
1560 1467 1738 1521 sensit,

240 1541 525 1604 Agrippam
559 1556 807 1603 generum
843 1539 908 1585 ad
943 1555 998 1585 se
1035 1541 1220 1585 accersi
1252 1541 1399 1585 iussit
1434 1545 1489 1585 et
1523 1555 1639 1585 cum
1675 1554 1736 1585 eo

242 1614 301 1661 L.
370 1613 661 1660 Cornelium
726 1611 942 1658 Balbum
1009 1611 1328 1674 Sextumque
1395 1611 1736 1659 Peducaeum.

190 1699 215 1736 5
240 1690 346 1736 Hos
365 1697 423 1736 ut
440 1692 638 1736 venisse
655 1689 800 1743 vidit,
816 1691 868 1734 in
885 1689 1116 1734 cubitum
1132 1690 1352 1742 innixus,
1370 1686 1398 1703 “
1423 1686 1738 1746 Quantam,’'

239 1766 425 1826 inquit,
467 1762 495 1778 “
518 1778 692 1809 curam
733 1761 1155 1824 diligentiamque
1195 1763 1248 1807 in
1288 1760 1583 1807 valetudine
1622 1777 1740 1807 mea

241 1837 437 1884 tuenda
481 1835 576 1882 hoc
620 1843 853 1897 tempore
901 1834 1236 1890 adhibuerim,
1283 1852 1398 1881 cum
1443 1852 1530 1881 vos
1575 1841 1738 1882 testes

241 1910 478 1965 habeam,
531 1908 657 1955 nihil
709 1924 918 1955 necesse
974 1915 1053 1955 est
1106 1907 1332 1971 pluribus
1387 1909 1552 1954 verbis
1605 1925 1740 1954 com-

241 1998 540 2030 memorare.
610 1981 806 2039 Quibus
860 1983 1117 2043 quoniam,
1171 1988 1230 2027 ut
1281 1997 1446 2044 spero,
1498 1980 1739 2038 satisfeci,

243 2074 327 2104 me
380 2055 504 2102 nihil
555 2055 737 2118 reliqui
789 2053 969 2101 fecisse
1024 2054 1161 2118 quod
1210 2055 1276 2102 ad
1323 2055 1606 2101 sanandum
1654 2071 1738 2102 me

242 2135 544 2194 pertineret,
577 2129 829 2192 reliquum
864 2136 943 2175 est
976 2135 1035 2175 ut
1069 2136 1276 2191 egomet
1308 2127 1431 2175 mihi
1463 2128 1735 2176 consulam.

244 2205 307 2252 Id
332 2222 418 2251 vos
445 2206 678 2267 ignorare
707 2202 872 2257 nolui,
917 2219 1035 2248 nam
1061 2202 1185 2248 mihi
1211 2209 1317 2249 stat
1343 2202 1479 2249 alere
1505 2203 1739 2249 morbum

193 2286 218 2325 6
241 2279 490 2326 desinere.
559 2276 794 2339 Namque
821 2275 897 2322 his
925 2276 1104 2322 diebus
1133 2276 1380 2339 quidquid
1406 2276 1504 2322 cibi
1530 2279 1738 2338 sumpsi,

361 2391 376 2414 1
404 2394 485 2436 est,
506 2389 638 2428 added
659 2388 710 2440 by
728 2388 983 2434 Fleckeisen,
1004 2388 1136 2440 before
1156 2392 1428 2436 consecutus,
1449 2387 1644 2428 Lambin.

357 2443 374 2468 ²
401 2449 529 2490 esset,
552 2443 754 2487 Lambin3
790 2447 871 2488 est,
896 2442 1030 2482 MSS.

357 2498 374 2522 ³
401 2499 553 2543 imum,
576 2497 830 2543 Ascensius;
869 2509 1019 2543 unum,
1044 2495 1179 2536 MSS.

247 2578 338 2631 600
