1802 2942
597 157 653 204 L.
702 157 793 202 AN
804 155 1036 202 NAEUS
1085 154 1354 202 FLORUS

224 284 540 334 Antistium1
611 283 988 346 Furniumque2
1057 283 1252 345 legatos
1311 289 1366 329 et
1429 282 1706 345 Agrippam

223 355 494 401 hibernans
522 357 577 399 in
611 350 938 398 Tarraconis3
972 354 1233 397 maritimis
1269 349 1449 396 Caesar
1495 353 1705 412 accepit.

136 431 190 470 52
229 423 348 468 Mox
406 425 513 483 ipse
572 435 808 481 praesens
867 419 956 464 hos
1014 417 1227 464 deduxit
1287 417 1560 473 montibus,
1618 415 1707 462 hos

225 489 480 535 obsidibus
506 490 754 543 astrinxit,
781 486 870 531 hos
896 486 989 531 sub
1024 501 1206 531 corona
1229 487 1336 530 iure
1373 483 1493 529 belli
1517 499 1708 529 venun-

136 565 189 604 53
225 556 384 605 dedit.
475 554 644 616 Digna
701 569 780 599 res
841 552 996 609 lauro,
1056 551 1211 613 digna
1269 549 1457 596 curru4
1514 553 1710 596 senatui

226 628 329 670 visa
368 629 473 678 est3
515 622 605 668 sed
640 624 739 666 iam
774 627 946 666 tantus
985 625 1094 665 erat
1130 619 1323 674 Caesar,
1362 624 1420 663 ut
1455 616 1711 678 triumpho

137 700 191 738 54
226 693 400 752 augeri
424 694 789 735 contemneret.
853 688 1065 732 Astures
1089 701 1180 748 per
1204 685 1257 730 id
1279 692 1482 746 tempus
1513 687 1710 746 ingenti

228 761 430 819 agmine
494 773 523 801 a
579 755 835 800 montibus
893 757 1052 799 niveis
1122 752 1506 798 descenderant.
1603 750 1712 797 Nec

227 832 421 871 temere
469 829 698 884 sumptus
757 822 977 866 barbaris
1024 819 1290 865 videbatur
1335 819 1417 864 hic
1463 822 1713 879 impetus;

229 891 317 938 sed
353 893 527 952 positis
563 892 734 935 castris
768 887 902 950 apud
938 885 1212 933 Asturam-'⁹
1247 885 1436 932 flumen
1471 885 1713 931 trifariam

229 959 387 1005 diviso
445 960 648 1018 agmine
718 959 814 1001 tria
890 954 1037 1000 simui
1109 954 1445 999 Romanorum
1503 951 1713 1013 adgredi

140 1036 192 1072 50
228 1031 409 1088 parant
444 1030 618 1070 castra.
691 1023 989 1084 Fuissetque
1033 1036 1218 1082 anceps
1260 1027 1314 1066 et
1354 1026 1620 1066 cruentum
1661 1025 1715 1066 et

231 1097 425 1139 utinam
472 1098 648 1137 mutua
694 1089 836 1136 clade
879 1095 1138 1135 certamen
1178 1104 1293 1133 cum
1339 1094 1443 1133 tam
1484 1086 1714 1143 fortibus,

141 1168 194 1207 56
230 1160 371 1206 tamss
419 1160 600 1215 subito,
648 1163 752 1203 tam
806 1173 917 1202 cum
978 1155 1184 1202 consilio
1236 1154 1575 1211 venientibus,
1618 1156 1716 1199 nisi

232 1226 551 1288 Brigaecini⁷
609 1223 991 1286 prodidissent,8
1049 1240 1078 1268 a
1136 1223 1315 1284 quibus
1373 1223 1716 1282 praemonitus

235 1294 446 1340 Carisius
494 1309 608 1338 cum
657 1297 882 1337 exercitu
929 1290 1148 1336 advenit.
1227 1289 1319 1334 Pro
1367 1291 1572 1334 victoria
1619 1286 1717 1334 fuit

233 1363 536 1424 oppressisse
591 1358 813 1415 consilia,
869 1356 974 1403 sic9
1020 1372 1220 1419 quoque
1289 1371 1391 1400 non
1451 1359 1717 1400 incruento

142 1436 196 1476 57
233 1431 523 1476 certamine.
621 1425 873 1487 Reliquias
942 1423 1039 1470 fusi
1099 1426 1348 1469 exercitus
1417 1421 1718 1467 validissima

234 1499 408 1542 civitas
446 1494 645 1539 Lancea
668 1496 869 1554 excipit,
897 1493 982 1537 ubi
1007 1507 1121 1537 cum
1156 1490 1276 1535 locis
1301 1489 1428 1535 adeo
1465 1495 1715 1535 certatum

234 1570 327 1620 est,
345 1568 418 1618 ut,
437 1578 550 1607 cum
569 1564 621 1605 in
640 1567 839 1621 captam
858 1559 1034 1604 urbem
1053 1557 1187 1604 faces
1206 1563 1550 1619 poscerentur,
1565 1571 1717 1617 aegre

143 1639 197 1678 58
234 1631 335 1677 dux
391 1631 739 1690 impetraverit
797 1630 1008 1682 veniam,
1056 1631 1115 1671 ut
1169 1628 1405 1670 victoriae
1466 1623 1718 1669 Romanae

234 1705 371 1744 stans
396 1699 562 1758 potius
588 1701 723 1741 esset
747 1710 896 1756 quam
920 1697 1125 1739 incensa
1148 1697 1547 1737 monumentum.

292 1800 309 1826 ²
337 1801 607 1840 Antistium:
641 1799 861 1838 antatium
881 1797 961 1837 B1:
993 1797 1233 1836 antestium
1255 1796 1303 1835 L.

291 1855 306 1878 ²
334 1855 656 1904 Furniumque:
687 1852 946 1903 firmumque
965 1851 1035 1890 Bl.

287 1910 303 1933 ³
333 1910 377 1947 in
407 1908 688 1947 Tarraconis:
731 1908 776 1945 in
805 1911 925 1946 terra
951 1905 1069 1945 tonis
1097 1904 1180 1945 B1:
1209 1902 1530 1943 intarrachonis
1557 1903 1624 1944 N:
1657 1901 1721 1942 in·

236 1963 477 2004 terraconis
504 1964 552 2001 L.

291 2018 307 2040 4
334 2017 468 2068 digna
487 2029 642 2055 curru:
671 2014 826 2066 dignas
849 2025 999 2053 currus
1017 2012 1089 2054 Bl.

290 2071 307 2095 ⁵
337 2073 570 2110 Asturam:
601 2074 791 2108 astaram
810 2068 892 2109 Bl:
922 2080 1093 2107 scuram
1112 2066 1207 2108 NL.

293 2125 308 2149 ⁶
336 2129 429 2164 tam
449 2125 483 2163 L
512 2125 618 2163 Voss.
645 2123 803 2162 Rehd.:
835 2135 963 2173 quam
983 2121 1053 2161 B1.

295 2179 310 2203 ⁷
340 2178 611 2230 Brigaecini:
643 2176 711 2216 dri
733 2176 894 2215 caecini
914 2175 996 2215 B1:
1027 2173 1270 2227 drigaecini
1289 2173 1357 2214 N:
1389 2171 1601 2225 drigenici
1621 2171 1669 2213 L.

293 2233 309 2256 8
336 2232 664 2284 prodidissent:
695 2229 994 2282 providissent
1013 2229 1083 2268 Bl.

294 2287 310 2311 ⁹
338 2292 486 2325 tamen
501 2291 591 2336 post
609 2285 671 2324 sic
691 2285 786 2324 add.
811 2284 916 2325 B1N
934 2299 944 2324 :
974 2296 1051 2322 om.
1074 2282 1274 2322 Iahnius.

293 2395 308 2418 1
338 2394 443 2433 This
463 2393 499 2432 is
519 2393 595 2432 the
615 2392 718 2444 only
738 2405 860 2431 sense
889 2391 1031 2430 which
1060 2403 1140 2429 can
1167 2389 1222 2429 be
1250 2387 1479 2429 extracted
1506 2388 1617 2427 from
1646 2388 1724 2427 the

236 2448 381 2488 words
408 2450 578 2486 'colinam
606 2452 756 2485 mutua
783 2447 899 2485 clade
927 2444 1070 2484 which
1092 2445 1127 2484 is
1147 2443 1252 2483 read
1279 2443 1338 2496 by
1364 2442 1424 2482 all
1452 2440 1578 2483 MSS.
1603 2457 1615 2491 ;
1642 2440 1724 2482 but

237 2505 405 2543 utinam
425 2503 461 2541 is
479 2500 673 2554 possibly
693 2504 886 2552 corrupt.

242 2582 336 2640 346
