1747 2912
522 151 576 197 L.
628 149 965 196 ANNAEUS
1016 148 1286 196 FLORUS

385 323 630 370 XXXIII.
687 322 782 368 Res
820 337 871 368 IN
912 322 1159 367 HlsPANlA
1196 321 1393 368 GESTAE

73 425 203 483 11,17
242 423 318 468 VT
361 421 719 483 Carthaginem
761 419 1048 476 Corinthus,
1090 422 1162 465 ita
1209 418 1506 465 Corinthum
1546 417 1649 464 Nu·

160 503 350 548 mantia
375 506 547 546 secuta
579 505 689 553 est3
726 514 821 544 nec
854 497 1041 543 deinde
1079 497 1199 542 orbe
1234 502 1346 542 toto
1380 499 1649 558 quicquam

100 588 125 626 2
161 584 409 625 intactum
446 580 594 621 armis
633 575 743 621 fuit.
820 575 940 620 Post
971 574 1056 619 illa
1092 573 1191 619 duo
1229 571 1648 619 clarissimaruml

163 658 359 703 urbium
400 653 635 699 incendia
673 652 775 698 late
817 658 970 714 atque
1008 655 1208 713 passim,
1244 666 1340 697 nec
1375 666 1466 712 per
1499 654 1649 707 vices,

162 733 252 781 sed
276 731 423 779 simul
459 734 647 793 pariter
684 733 824 792 quasi
860 745 1017 775 unum
1053 728 1278 790 undique
1309 727 1500 773 bellum
1523 726 1650 782 fuit3

162 826 359 874 prorsus
396 815 453 854 ut
488 807 640 853 illae2
666 810 805 869 quasi
843 807 1152 868 agitantibus
1191 808 1355 851 ventis
1392 803 1650 850 diffudisse

163 887 410 952 quaedam
433 885 555 931 belli
579 884 814 930 incendia
838 885 958 929 orbe
983 889 1093 929 toto
1118 883 1423 929 viderentur.

107 976 131 1015 3
237 966 514 1026 Hispaniae
561 978 837 1024 numquam
878 965 1074 1007 animus
1124 960 1222 1006 fuit
1260 959 1526 1006 adversum
1561 975 1652 1005 nos

163 1047 425 1091 universae
462 1055 783 1100 consurgere,
807 1055 1081 1101 numquam
1118 1036 1347 1083 conferre
1380 1040 1510 1083 vires
1541 1052 1653 1083 suas

162 1122 327 1177 libuit,
356 1134 523 1180 neque
556 1123 644 1163 aut
686 1120 952 1178 imperium
990 1118 1207 1178 experiri
1241 1121 1330 1161 aut
1363 1114 1654 1160 libertatem

165 1202 297 1246 tueri
352 1213 490 1243 suam
539 1195 753 1256 publice.
852 1194 1093 1256 Alioquin
1141 1196 1212 1239 ita
1258 1192 1483 1254 undique
1530 1194 1656 1237 mari

167 1277 526 1339 Pyrenaeoque
568 1272 752 1318 vallata
791 1278 884 1329 est,
924 1278 981 1318 ut
1019 1274 1224 1331 ingenio
1255 1273 1379 1316 situs
1418 1285 1484 1316 ne
1529 1269 1655 1315 adiri

107 1365 134 1402 4
168 1353 373 1417 quidem
398 1354 632 1413 potuerit.
708 1349 808 1395 Sed
845 1356 964 1395 ante
1001 1365 1028 1393 a
1069 1349 1301 1394 Romanis
1338 1348 1538 1393 obsessa
1577 1353 1656 1393 est

166 1448 316 1495 quam
341 1446 393 1476 se
419 1433 525 1490 ipsa
550 1433 894 1489 cognosceret,
921 1433 974 1473 et
999 1426 1103 1472 sola
1127 1429 1351 1472 omnium
1380 1428 1656 1487 provincia-

106 1520 131 1557 5
169 1526 279 1556 rum
319 1511 448 1553 vires
499 1522 608 1552 suas
648 1512 913 1567 postquam
953 1508 1083 1550 victa
1120 1510 1199 1550 est
1238 1502 1506 1549 inteilexit.
1594 1502 1656 1548 In

166 1587 259 1633 hac
306 1600 462 1647 prope
509 1583 755 1628 ducentos
815 1599 905 1644 per
952 1598 1109 1627 annos
1156 1581 1450 1627 dimicatum
1497 1585 1576 1626 est
1627 1596 1657 1624 a

166 1667 337 1727 primis
363 1662 679 1723 Scipionibus
715 1664 768 1705 in
807 1663 1023 1721 primum
1061 1659 1323 1705 Caesarem
1349 1658 1656 1720 Augustum,

166 1759 269 1788 non
312 1743 552 1785 continuo
603 1753 698 1784 nec
752 1737 1099 1793 cohaerenter,
1148 1736 1238 1782 sed
1285 1742 1436 1797 prout
1477 1750 1655 1781 causae

166 1820 506 1873 lacessierant,
562 1831 657 1861 nec
709 1831 823 1860 cum
886 1815 1125 1876 Hispanis
1184 1817 1346 1870 initio,
1394 1811 1484 1859 sed
1542 1828 1656 1858 cum

170 1898 349 1943 Poenis
409 1898 461 1939 in
519 1894 766 1954 Hispania
786 1909 798 1951 3
868 1891 988 1938 inde
1053 1894 1343 1953 contagium
1404 1888 1654 1952 serpens³

169 1987 445 2034 causaeque
471 1970 732 2016 bellorum.

113 2060 138 2099 6
255 2051 418 2095 Prima
476 2064 566 2109 per
627 2047 940 2109 Pyrenaeum
998 2049 1172 2108 iugum
1232 2049 1374 2106 signa
1435 2045 1657 2091 Romana

171 2128 373 2175 Publius
411 2133 463 2172 et
499 2125 703 2170 Gnaeus
740 2124 999 2186 Scipiones
1037 2122 1323 2169 intulerunt
1353 2122 1656 2184 proeliisque

168 2206 461 2268 ingentibus
488 2203 759 2248 Annonem
797 2208 850 2247 et
889 2200 1264 2246 Hasdrubalem
1290 2199 1470 2245 fratres
1495 2199 1656 2244 Anni-

169 2283 293 2330 balis
332 2280 660 2334 ceciderunt3
723 2285 968 2340 raptaque
1011 2284 1120 2324 erat
1156 2281 1349 2338 impetu
1393 2276 1657 2338 Hispania,

225 2400 242 2425 ²
271 2399 609 2439 clarissimarum
630 2396 967 2435 Freinshemius:
999 2394 1240 2433 clarissima
1259 2394 1370 2432 codd.

225 2454 241 2478 ²
271 2454 372 2492 illae
390 2468 398 2491 :
432 2452 506 2490 ille
526 2452 637 2490 BN:
670 2449 847 2488 favillae
868 2450 1077 2488 Iahnius:
1110 2447 1327 2486 scintillae
1359 2447 1413 2485 W
1410 2447 1628 2497 oelfflinus.

227 2508 242 2532 ³
273 2519 448 2558 serpens
468 2506 768 2544 Mommsenus:
801 2502 857 2542 ad
878 2503 1010 2542 series
1031 2504 1069 2542 B
1088 2518 1097 2542 :
1129 2506 1174 2541 et
1193 2502 1324 2540 series
1344 2501 1441 2541 NL.

176 2600 267 2641 144
