1802 2942
633 148 1026 197 CORNELIUS
1071 148 1292 197 NEPOS

208 279 513 339 perterritae
549 279 858 323 conveniunt
893 279 1033 322 euius
1071 276 1136 323 de
1171 275 1396 338 periculo
1428 275 1700 324 timebant.

210 345 283 390 At
312 343 396 390 ille
428 350 588 406 negat
618 359 649 388 a
679 342 947 389 Callicrate
979 342 1089 389 fieri
1119 342 1214 389 sibi
1242 343 1467 398 insidias,
1495 343 1589 390 sed
1615 343 1702 390 illa

157 419 183 457 5
208 426 339 473 quae
365 417 641 473 agerentur
666 409 774 456 fieri
798 416 1075 472 praecepto
1099 425 1206 456 suo.
1276 409 1522 456 Mulieres
1544 408 1700 457 nihilo

209 480 367 524 setius
407 476 728 523 Callicratem
764 479 816 522 in
854 476 1037 523 aedem
1073 475 1405 539 Proserpinae
1441 476 1701 524 deducunt

211 560 269 590 ac
307 547 473 590 iurare
514 550 706 606 cogunt
743 542 868 590 nihil
909 543 972 589 ab
1011 541 1096 589 illo
1134 542 1346 605 periculi
1382 541 1491 590 fore
1530 542 1699 590 Dioni.

211 611 303 657 Ille
332 610 427 657 hac
456 610 701 673 religione
731 627 833 656 non
862 610 1013 657 modo
1043 626 1145 656 non
1177 617 1256 657 est
1285 610 1580 666 deterritus,
1609 611 1701 658 sed

210 678 275 724 ad
299 678 663 724 maturandum
688 680 970 723 concitatus
1000 684 1096 732 est,
1123 693 1302 723 verens
1328 693 1395 723 ne
1420 680 1558 739 prius
1585 694 1702 724 con-

208 745 375 792 silium
402 748 685 807 aperiretur
711 761 876 799 suum,
904 760 1058 806 quam
1083 747 1311 807 cogitata
1335 743 1649 806 perfecisset.

271 811 320 861 9.
357 811 468 858 Hac
495 818 672 857 mente
698 814 929 873 proximo
957 811 1040 857 die
1067 809 1219 866 festo,
1247 827 1363 858 cum
1391 828 1421 857 a
1448 818 1702 858 conventu

209 894 264 926 se
302 885 557 925 remotum
597 878 734 924 Dion
773 878 909 924 domi
947 884 1154 924 teneret
1193 884 1350 941 atque
1387 881 1441 924 in
1479 878 1701 925 conclavi

211 946 349 992 edito
387 946 723 1000 recubuisset,
762 947 970 991 consciis
1010 943 1243 991 facinoris
1282 944 1392 991 loca
1429 948 1703 992 munitiora

210 1013 383 1076 oppidi
411 1013 589 1067 tradit,
618 1012 825 1059 domum
854 1011 1094 1058 custodiis
1124 1015 1308 1074 saepit,
1337 1029 1368 1058 a
1395 1010 1585 1059 foribus
1615 1015 1702 1075 qui

160 1086 185 1123 2
209 1097 310 1126 non
364 1079 630 1126 discedant
682 1086 848 1125 certos
901 1078 1150 1141 praeficit,
1203 1095 1387 1125 navem
1439 1082 1702 1127 triremem

210 1150 417 1193 armatis
481 1154 629 1193 ornat
691 1145 1120 1208 Philostratoque,
1181 1144 1327 1193 fratri
1389 1162 1498 1202 suo,
1543 1147 1702 1193 tradit

211 1230 427 1276 eamque
447 1216 500 1259 in
519 1221 672 1276 portu
692 1216 876 1276 agitari
894 1213 1057 1268 iubet,
1077 1219 1136 1259 ut
1156 1215 1197 1259 si
1219 1229 1457 1259 exercere
1482 1216 1701 1277 remiges

211 1281 384 1336 vellet,
413 1284 661 1343 cogitans,
691 1284 732 1326 si
761 1279 894 1326 forte
924 1279 1140 1326 consiliis
1169 1280 1454 1327 obstitisset
1479 1279 1702 1337 fortuna,

160 1356 185 1395 3
209 1356 267 1395 ut
292 1347 509 1394 haberet
535 1365 637 1410 qua
661 1346 868 1410 fugeret
894 1347 959 1394 ad
985 1347 1219 1394 salutem.
1286 1345 1502 1394 Suorum
1527 1354 1703 1394 autem

212 1431 240 1462 e
272 1432 484 1461 numero
517 1414 821 1477 Zacynthios
840 1414 860 1443 1
893 1413 1246 1461 adulescentes
1280 1414 1527 1476 quosdam
1558 1414 1703 1478 eligit

211 1499 326 1529 cum
363 1482 719 1529 audacissimos
755 1489 868 1528 tum
903 1482 1090 1527 viribus
1127 1483 1378 1537 maximis,
1413 1484 1576 1544 iisque
1611 1482 1703 1529 dat

210 1552 493 1612 negotium,
541 1549 627 1596 ad·
653 1549 874 1595 Dionem
922 1555 1045 1594 eant
1089 1551 1326 1604 inermes,
1371 1551 1443 1595 sic
1488 1556 1547 1595 ut
1585 1565 1703 1596 con-

211 1617 448 1663 veniendi
485 1619 591 1662 eius
628 1619 795 1679 gratia
830 1615 1125 1662 viderentur
1160 1618 1348 1662 venire.
1395 1615 1460 1670 ,Ii
1493 1623 1704 1678 propter

158 1692 185 1728 4
207 1687 444 1730 notitiam
488 1691 607 1730 sunt
649 1685 938 1729 intromissi.
1024 1683 1097 1729 At
1139 1682 1210 1729 illi
1253 1689 1313 1729 ut
1355 1682 1511 1729 limen
1555 1686 1661 1729 eius
1680 1684 1700 1714 2

210 1754 480 1806 intrarant,
541 1749 732 1796 foribus
793 1750 1058 1804 obserati&
1119 1752 1172 1795 in
1232 1749 1367 1796 lecto
1427 1750 1703 1796 cubantem

209 1818 475 1872 invadunt,
509 1817 778 1881 colligant;
830 1817 889 1863 fit
923 1819 1185 1879 strepituS,
1219 1817 1347 1864 adeo
1381 1824 1442 1864 ut
1475 1817 1702 1864 exaudiri

210 1892 384 1947 posset
407 1883 541 1930 foris.

159 1960 184 1998 5
272 1951 386 2007 Hic,
410 1954 540 1998 sicut
577 1957 698 1996 ante
733 1966 887 2013 saepe
913 1950 1107 1997 dictum
1137 1956 1233 2005 est,
1262 1966 1416 2013 quam
1443 1952 1603 1998 invisa
1631 1953 1698 1998 sit

352 2079 368 2104 1
396 2078 672 2129 Zacynthios,
693 2091 736 2124 u,
758 2078 804 2117 in
824 2078 1009 2129 marqin;
1045 2078 1296 2129 Zaguntios,
1317 2082 1405 2125 etc„
1427 2077 1560 2119 MSS.

354 2132 369 2157 ²
397 2133 529 2179 aedis,
556 2132 741 2182 Wayner.

272 2337 289 2361 1
319 2336 363 2375 It
386 2349 473 2375 was
498 2335 572 2375 the
596 2336 771 2375 festival
796 2336 841 2376 of
865 2335 1139 2388 Proserpina,
1164 2335 1239 2375 the
1267 2335 1451 2387 goddess
1476 2334 1537 2388 by
1558 2335 1701 2376 whom

215 2389 463 2430 Callicrates
482 2389 569 2428 had
587 2402 740 2428 sworn.

273 2443 289 2467 ²
318 2443 380 2483 Cf.
410 2444 450 2482 5.
481 2444 518 2482 3.
577 2443 667 2481 The
697 2442 820 2482 other
842 2443 1060 2482 insta-noes
1083 2442 1297 2495 probably
1321 2442 1535 2495 appeared
1558 2443 1605 2482 in
1625 2442 1701 2482 the

218 2497 301 2536 lost
319 2497 454 2536 books
472 2496 535 2536 De
552 2496 745 2547 Reyibus.

212 2574 301 2629 488
