1802 2942
615 140 1009 190 CORNELIUS
1057 140 1277 189 NEPOS

206 272 359 319 vellet
411 270 821 327 Atheniensium,
873 270 1028 333 idque
1081 269 1280 317 Lemnii
1333 286 1423 316 sua
1474 269 1695 332 sponte1

152 360 177 396 5
202 346 431 393 facerent
485 345 811 408 postulasset,
865 344 936 390 illi
991 344 1260 390 irridentes
1319 343 1693 406 responderunt

204 428 315 467 tum
358 420 410 466 id
453 435 507 465 se
550 417 789 473 facturos,
834 434 949 464 cum
991 417 1093 473 ille,
1137 417 1286 464 domo
1330 417 1542 463 navibus
1585 433 1698 479 pro-

206 494 449 548 ficiscens,
499 498 652 538 vento
709 490 943 554 aquilone
995 494 1217 536 venisset
1269 489 1550 545 Lemnum3
1617 489 1698 537 hic

208 571 344 615 enim
389 572 589 621 ventus,
630 565 694 611 ab
737 564 1171 626 septentrionibus
1214 566 1395 619 oriens,
1433 563 1699 610 adversum

156 651 180 689 6
205 648 352 689 tenet
386 639 602 687 Athenis
636 638 1084 701 proficiscentibus.
1156 636 1436 693 Miltiades,
1470 637 1699 684 morandi

205 724 408 777 tempus
443 731 544 760 non
577 712 789 768 habens,
823 728 1024 758 cursum
1059 711 1260 758 derexit
1295 727 1394 773 quo
1429 711 1699 768 tendebat,

206 792 543 853 pervenitque
575 785 960 832 Chersonesum.

273 860 320 911 2.
360 861 438 907 Ibi
473 861 614 906 brevi
646 866 878 921 tempore
910 857 1218 904 barbarum2
1273 860 1428 920 copiis
1462 858 1702 915 disiectis,

208 943 320 983 tota
362 937 570 997 regione
615 949 768 995 quam
811 934 1034 994 petierat
1076 934 1288 994 potitus,
1331 930 1441 978 loca
1483 932 1702 979 castellis

208 1010 391 1057 idonea
408 1009 721 1061 communiit,
733 1005 1117 1051 multitudinem
1132 1021 1285 1068 quam
1298 1020 1470 1052 secum
1486 1006 1704 1053 duxerat

209 1087 261 1130 in
291 1085 422 1146 agris
453 1080 732 1127 conlocavit
760 1079 1050 1142 crebrisque
1081 1080 1457 1126 excursionibus
1485 1079 1705 1143 locuple-

159 1164 184 1202 2
209 1160 355 1204 tavit.
425 1155 606 1217 Neque
661 1156 826 1200 minus
883 1156 936 1199 in
993 1169 1054 1199 ea
1108 1169 1163 1199 re
1219 1153 1495 1216 prudentia
1551 1171 1704 1217 quam

211 1230 458 1277 felicitate
506 1228 708 1275 adiutus
756 1234 862 1282 est3
926 1243 1044 1273 nam
1090 1244 1205 1273 cum
1251 1231 1441 1274 virtute
1485 1228 1706 1275 militum

212 1305 481 1353 devicisset
518 1301 741 1349 hostium
781 1304 1051 1357 exercitus,
1091 1317 1287 1347 summa
1325 1305 1588 1364 aequitate
1625 1319 1705 1350 res

212 1380 478 1426 constituit
505 1382 661 1439 atque
686 1378 795 1437 ipse
821 1374 1012 1421 ibidem
1037 1391 1245 1421 manere
1272 1375 1512 1422 decrevit.
1581 1376 1707 1422 Erat

163 1462 188 1502 3
215 1456 349 1500 enim
396 1455 531 1498 inter
580 1466 665 1496 eos
714 1450 968 1513 dignitate
1015 1452 1174 1512 regia,
1223 1453 1451 1512 quamvis
1500 1451 1708 1497 carebat

214 1529 435 1582 nomine,
466 1540 636 1588 neque
665 1523 719 1570 id
747 1526 909 1587 magis
940 1526 1152 1585 imperio
1184 1539 1337 1586 quam
1367 1526 1564 1571 iustitia
1593 1541 1709 1571 con-

215 1608 446 1655 secutus3
501 1614 670 1661 neque
710 1614 769 1644 eo
808 1600 965 1644 setius
1003 1596 1421 1653 Atheniensibus,
1460 1614 1490 1644 a
1527 1599 1708 1662 quibus

216 1682 337 1722 erat-
380 1672 657 1737 profectus,
712 1672 873 1718 officia
925 1671 1238 1734 praestabat.
1308 1671 1504 1730 Quibus
1557 1673 1708 1720 rebus

217 1749 376 1796 fiebat
411 1755 469 1794 ut
505 1764 607 1793 non
649 1749 814 1792 minus
853 1762 1026 1792 eorum
1062 1745 1326 1792 voluntate
1367 1746 1707 1809 perpetuum3

216 1826 483 1885 imperium
512 1822 769 1867 obtineret
796 1823 881 1883 qui
906 1823 1167 1876 miserant,
1194 1836 1347 1883 quam
1372 1819 1571 1867 illorum
1594 1837 1710 1868 cum

218 1898 399 1961 quibus
431 1903 541 1942 erat
569 1894 842 1957 profectus.

171 1978 197 2015 4
284 1970 596 2018 Chersoneso
626 1969 716 2015 tali
745 1968 895 2015 modo
921 1971 1199 2015 constituta
1224 1966 1476 2014 Lemnum
1503 1970 1711 2015 reverti-

218 2053 302 2092 tur
328 2053 381 2092 et
413 2061 475 2091 ex
505 2051 654 2106 pacto
684 2042 911 2106 postulat
935 2049 994 2089 ut
1018 2043 1112 2089 sibi
1137 2042 1316 2089 urbem
1339 2042 1563 2089 tradant.
1632 2042 1711 2089 Illi

221 2123 357 2166 enim
387 2119 640 2174 dixerant,
670 2134 785 2164 cum
815 2123 969 2163 vento
998 2116 1154 2163 borea
1183 2116 1333 2163 domo
1361 2114 1620 2179 profectus
1650 2132 1711 2164 eo

276 2236 292 2260 1
322 2239 477 2287 sponte
498 2239 564 2282 ut,
586 2248 638 2281 u3
675 2234 805 2284 idque
827 2237 893 2280 ut,
917 2232 1049 2273 Cobet.

273 2290 290 2314 ²
321 2290 570 2335 barbarum,
592 2289 705 2327 Dan.
729 2288 833 2334 PA3
872 2287 935 2327 the
958 2287 1068 2327 other
1088 2285 1222 2325 MSS.
1246 2285 1347 2327 have
1367 2286 1666 2328 barbarorum.

273 2344 290 2368 ³
321 2348 583 2395 perpetuum
604 2342 831 2392 Pluyqers;
862 2344 1089 2393 perpetuo,
1112 2339 1246 2381 MSS.

276 2492 293 2516 1
321 2491 458 2531 There
474 2503 584 2530 were
601 2494 688 2530 two
706 2490 828 2530 cities
847 2502 904 2529 on
921 2489 1122 2536 Lemnos,
1141 2488 1404 2541 Hephaistia
1420 2489 1508 2529 and
1524 2488 1710 2541 Myrina.

229 2583 320 2631 374
