1747 2912
496 159 550 205 L.
604 156 936 204 ANNAEUS
983 156 1255 204 FLORUS

138 291 309 349 itaque
344 286 587 333 scelerato
618 285 844 347 signata¹
870 288 1074 330 nomine
1101 300 1229 346 quae
1253 283 1626 346 proficiscentes

83 385 108 425 3
137 382 189 423 in
213 378 458 440 proelium
486 383 630 438 porta
655 377 861 426 dimisit.
933 375 1034 422 Sed
1059 391 1119 421 ea
1143 374 1310 421 clades
1334 376 1628 436 ingentibus

141 472 341 530 expiata
389 470 624 523 victoriis,
673 473 940 528 postquam
987 482 1078 528 per
1124 465 1245 511 alios
1303 472 1456 528 atque
1506 465 1629 512 alios

137 560 479 604 robustissima
504 564 652 619 capta
678 564 796 603 sunt
821 556 1018 618 oppida,
1038 560 1172 602 vario
1193 556 1400 618 quidem
1424 563 1625 604 eventu.

84 658 110 695 4
142 649 320 695 Falisci
369 655 550 710 sponte
599 664 652 694 se
701 647 1028 704 dediderunt,
1076 654 1327 694 crematae
1375 663 1464 693 suo
1509 651 1630 709 igne

84 749 108 786 5
142 740 382 796 Fidenae,
418 739 605 800 direpti
642 738 871 784 funditus
914 738 1174 800 deletique
1211 738 1466 784 Veientes.
1539 738 1631 784 Fa-

141 832 249 877 lisci
269 847 382 876 cum
398 830 766 886 obsiderentur,
783 833 907 874 mira
935 835 1012 875 est
1036 832 1139 875 visa
1164 829 1285 875 fides
1301 833 1632 890 imperatoris,

141 938 236 968 nec
256 925 505 979 inmerito,
526 920 661 982 quod
685 920 791 966 ludi
816 923 1126 981 magistrum,
1146 920 1281 966 urbis
1307 919 1631 982 proditorem,

143 1029 256 1058 cum
276 1012 353 1058 his
369 1028 492 1074 quos
508 1011 788 1057 adduxerat
808 1013 976 1072 pueris
998 1014 1221 1056 vinctum
1237 1011 1330 1056 sibi
1344 1010 1477 1056 ultro
1491 1013 1634 1056 remi-

87 1111 112 1150 6
142 1108 299 1150 sisset.
352 1103 476 1148 Eam
496 1118 714 1164 namque
730 1105 804 1147 vir
823 1108 1024 1147 sanctus
1042 1107 1095 1147 et
1111 1104 1309 1163 sapiens
1327 1117 1496 1147 veram
1511 1104 1635 1147 scie-

145 1196 232 1241 bat
258 1210 366 1241 esse
383 1196 653 1251 victoriam,
674 1208 801 1255 quae
822 1191 955 1238 salva
974 1191 1072 1238 fide
1089 1199 1142 1238 et
1166 1195 1366 1254 integra
1383 1191 1635 1254 dignitate

92 1293 114 1332 7
144 1292 420 1348 pareretur.
494 1284 716 1330 Fidenae
749 1287 866 1346 quia
901 1299 1046 1345 pares
1082 1299 1185 1329 non
1218 1289 1364 1329 erant
1398 1282 1547 1341 ferro,
1571 1283 1636 1330 ad

145 1384 388 1424 terrorem
414 1375 721 1421 movendum
757 1374 948 1421 facibus
974 1381 1195 1421 armatae
1222 1381 1276 1421 et
1312 1374 1636 1421 discoloribus

148 1472 460 1530 serpentium
508 1470 561 1512 in
607 1466 812 1512 modum
860 1469 999 1512 vittis
1046 1465 1211 1511 furiali
1256 1482 1394 1512 more
1441 1482 1637 1528 proces-

147 1566 347 1614 serant3
384 1558 473 1605 sed
499 1558 701 1604 habitus
725 1557 811 1604 ille
845 1556 1012 1604 feralis
1039 1560 1310 1603 eversionis
1336 1574 1485 1604 omen
1523 1557 1633 1605 fuit.

93 1660 117 1698 8
147 1652 240 1697 Vei
265 1657 453 1713 quanta
478 1665 556 1696 res
581 1649 749 1707 fuerit,
769 1648 960 1695 indicat
979 1648 1218 1694 decennis
1243 1648 1447 1695 obsidio.
1508 1648 1638 1695 Tum

148 1742 364 1801 primum
411 1737 692 1783 hiematum
741 1737 832 1783 sub
885 1735 1115 1798 pellibus,
1166 1742 1338 1782 taxata
1385 1736 1639 1798 stipendio

147 1830 375 1887 hiberna,
412 1829 617 1874 adactus
654 1827 798 1874 miles
846 1844 934 1874 sua
971 1833 1151 1889 sponte
1186 1830 1293 1873 iure
1330 1827 1539 1873 iurando
1572 1843 1638 1874 ne

92 1928 116 1967 9
146 1925 242 1967 nisi
267 1927 413 1982 capta
432 1921 556 1966 urbe
576 1925 841 1966 remearet.
915 1918 1085 1980 Spolia
1105 1918 1169 1965 de
1196 1917 1349 1965 Larte
1374 1918 1639 1964 Tolumnio

149 2029 270 2074 rege
313 2011 376 2057 ad
420 2012 702 2057 Feretrium
744 2010 1002 2072 triumpho
1038 2007 1332 2071 reportata.2
1404 2009 1639 2072 Denique

149 2120 252 2149 non
288 2102 430 2149 scalis
466 2118 561 2148 nec
597 2105 906 2164 inruptione,
942 2101 1033 2147 sed
1069 2101 1301 2147 cuniculo
1342 2106 1397 2147 et
1442 2101 1637 2147 subter·

65 2201 113 2241 10
149 2197 312 2240 rancis
349 2194 475 2240 dolis
511 2199 771 2255 peractum
809 2193 944 2239 urbis
978 2192 1241 2239 excidium.
1316 2191 1389 2237 Ea
1419 2191 1639 2254 denique

210 2337 225 2361 ²
254 2337 405 2388 itaque
432 2336 644 2376 scelerato
673 2336 850 2387 signata
870 2336 1121 2376 Koelz-Zerusz
1153 2335 1191 2374 it
1211 2333 1311 2374 scel.
1333 2334 1480 2387 signat
1498 2334 1561 2374 B:
1593 2337 1640 2374 et

154 2391 251 2430 scel.
279 2393 453 2443 signa-ta
473 2393 528 2429 N.

206 2446 222 2469 ²
251 2444 305 2483 ad
356 2445 603 2483 Feretrium
652 2443 879 2495 triumpho
926 2446 1155 2495 reportata
1201 2442 1412 2483 Iahnius:
1463 2441 1640 2482 afferret

150 2498 425 2549 triumphum
456 2503 703 2549 reportaret
722 2498 773 2537 B.

151 2575 212 2633 38
