1747 2912
74 367 127 407 30

77 752 128 792 31

79 1525 131 1565 33

77 1834 131 1874 34

526 155 581 202 L.
633 154 967 202 ANNAEUS
1018 154 1288 202 FLORUS

167 289 276 329 est:
315 286 592 329 comminus
629 286 769 329 venit
805 289 858 329 et
893 281 1144 344 perculit1
1169 286 1223 328 in
1260 283 1531 345 Campania
1564 299 1652 331 sua

168 366 222 406 et
273 361 335 405 ab
377 359 636 406 obsidione
686 359 845 406 Nolae
892 360 1026 406 urbis
1074 359 1299 406 exclusit.
1385 360 1551 408 Ausus
1599 368 1653 408 et

166 436 460 499 Sempronio
533 436 761 482 Graccho
837 436 965 482 duce
1018 452 1108 499 per
1173 437 1446 483 Lucaniam
1511 442 1654 501 sequi

165 521 218 560 et
297 530 528 576 premere
610 520 756 575 terga
827 514 1071 569 cedentis,
1149 517 1376 576 quamvis
1440 521 1652 561 tum—o

163 591 324 652 pudor
347 590 628 637 !2-servssi
692 598 945 652 pugnaret
1005 594 1231 637 exercitu
1253 591 1303 646 33
1361 608 1477 637 nam
1530 591 1653 638 huc-

164 684 321 730 usque
358 675 438 714 tot
474 668 605 714 mala
640 668 987 730 conpulerant.
1068 668 1170 714 Sed
1204 668 1444 716 libertate
1479 659 1654 716 donati

168 745 400 792 fecerunt
437 746 502 792 de
538 749 691 791 servis
724 762 777 791 se
814 745 1041 791 virtute4
1086 745 1345 792 Romanos.
1419 745 1466 792 O
1495 746 1653 792 horri-

165 823 317 868 bilem
377 826 429 868 in
487 829 567 868 tot
612 823 831 868 adversis
892 822 1153 868 fiduciam!
1243 822 1288 869 O
1348 823 1655 885 singularem

164 903 387 945 animum
433 916 489 945 ac
538 903 769 961 spiritum
810 899 982 962 populi
1037 900 1274 945 Romani!
1363 900 1489 946 Tam
1534 904 1654 947 artis

164 977 474 1039 adflictisque
516 977 681 1034 rebus,
724 983 781 1023 ut
828 976 893 1023 de
941 976 1087 1023 Italia
1135 993 1223 1023 sua
1259 976 1528 1024 dubitare5
1565 978 1653 1025 de-

165 1056 374 1111 buisset,
434 1071 580 1101 ausus
641 1061 814 1100 tamen
873 1060 952 1100 est
1010 1057 1063 1099 in
1132 1054 1330 1100 diversa
1388 1058 1655 1116 respicere,

171 1148 385 1194 cumque
411 1132 569 1178 hostis
595 1135 648 1176 in
674 1131 879 1193 iugulo⁶
911 1148 1002 1193 per
1039 1131 1361 1193 Campaniam
1396 1132 1655 1194 Apuliam-

166 1226 263 1272 que
306 1209 540 1255 volitaret
571 1208 877 1270 mediaque⁷
915 1208 979 1255 de
1011 1208 1157 1255 Italia
1189 1209 1412 1255 Africam
1448 1209 1655 1268 faceret,

168 1286 346 1333 eodem
383 1293 612 1348 tempore
656 1293 708 1332 et
747 1285 881 1331 hunc
915 1287 1195 1332 sustinebat
1237 1293 1291 1332 et
1327 1290 1381 1332 in
1421 1286 1655 1344 Siciliam,

167 1363 463 1419 Sardiniam,
509 1364 806 1425 Hispaniam
844 1363 1001 1409 divisa
1048 1379 1139 1425 per
1184 1369 1433 1410 terrarum
1480 1365 1655 1412 orbem

166 1457 302 1486 arma
323 1441 575 1488 mittebat.

235 1518 402 1564 Sicilia
426 1517 664 1564 mandata
690 1517 944 1566 Marcello.
1020 1518 1128 1564 Nec
1165 1518 1251 1564 diu
1288 1521 1511 1574 restitit3
1547 1525 1657 1566 tota

168 1599 303 1642 enim
328 1595 490 1641 insula
514 1599 567 1640 in
591 1612 691 1641 una
714 1597 838 1641 urbe
864 1602 1097 1656 superata
1121 1602 1211 1642 est.
1288 1595 1492 1642 Grande
1529 1596 1656 1643 illud

168 1680 221 1719 et
280 1680 399 1719 ante
458 1673 510 1718 id
568 1679 769 1734 tempus
828 1676 1072 1718 invictum
1140 1680 1306 1734 caput,
1366 1672 1656 1736 Syracusae,

168 1754 391 1812 quamvis
451 1749 768 1796 Archimedis
827 1753 1032 1811 ingenio
1091 1749 1505 1810 defenderentur,
1568 1751 1657 1797 ali-

174 1827 374 1889 quando
413 1834 686 1873 cesserunt.
776 1827 951 1888 Longe
991 1827 1064 1872 illi
1106 1827 1291 1889 triplex
1328 1844 1499 1874 murus
1538 1832 1657 1876 toti-

167 1904 385 1967 demque
422 1921 576 1961 ames,
612 1910 785 1966 portus
823 1903 908 1950 ille
945 1920 1250 1950 marmoreus
1289 1911 1342 1950 et
1377 1904 1489 1951 fons
1527 1906 1656 1952 cele-

170 1983 340 2028 bratus
378 1981 692 2036 Arethusae3
728 1984 823 2027 nisi
853 1981 988 2044 quod
1029 1981 1274 2028 hactenus
1312 1982 1564 2044 profuere,
1601 1990 1658 2030 ut

170 2059 535 2120 pulchritudini
560 2062 722 2105 victae
748 2059 883 2104 urbis
909 2066 1212 2120 parceretur.

281 2175 296 2199 ¹
325 2175 514 2227 perculit
530 2177 791 2215 Salmasius:
823 2175 1018 2227 perpulit
1038 2176 1104 2215 Β]
1120 2191 1129 2215 :
1161 2176 1331 2228 pepulit
1351 2177 1407 2218 N.

280 2230 295 2253 ²
324 2244 348 2268 o
369 2229 511 2281 pudor
529 2231 581 2269 I:
612 2229 754 2281 pudor
774 2228 813 2267 B
833 2245 841 2268 :
875 2242 900 2267 o
915 2229 1058 2280 pudor
1077 2243 1208 2268 manu
1228 2231 1324 2271 NL.

281 2285 297 2308 ³
328 2284 522 2322 exercitu
543 2284 592 2323 I:
625 2283 866 2322 exereitum
885 2283 935 2321 B.

282 2338 298 2360 ⁴
326 2337 380 2376 de
402 2338 537 2376 servis
558 2350 603 2376 se
624 2338 792 2376 virtute
812 2338 1077 2378 Salmasius:
1108 2335 1164 2376 de
1184 2337 1399 2377 servitute
1418 2338 1530 2379 codd.

281 2390 297 2414 ⁵
328 2390 534 2430 dubitare
554 2392 605 2430 I:
638 2389 848 2429 decedere
870 2389 923 2428 Β.

281 2444 297 2468 ⁶
328 2444 466 2483 hostis
487 2445 530 2482 in
553 2445 702 2496 iugulo
722 2446 749 2483 I
764 2461 773 2484 ε
806 2443 921 2482 hosti
944 2444 1114 2495 singulo
1136 2443 1185 2482 Β.

281 2499 296 2521 ⁷
326 2498 554 2550 mediaque
574 2499 805 2538 Heinsius:
838 2497 1111 2549 mediamque
1130 2498 1241 2536 codd.

173 2588 266 2628 104
