1802 2942
649 137 1043 187 CORNELIUS
1087 136 1308 186 NEPOS

172 277 196 316 7
220 274 507 331 parcerent,
546 267 782 314 celeriter
819 274 939 314 sunt
977 269 1176 313 concisi.
1244 265 1484 328 Reliquos
1523 264 1715 313 Pisidas

221 345 520 389 resistentes
559 342 808 388 Datames
844 341 1067 396 invadit3
1122 343 1284 403 primo
1320 343 1519 402 impetu
1553 339 1716 402 pellit,

221 415 466 479 fugientis
540 419 882 479 persequitur,
955 414 1141 461 multos
1215 413 1475 470 interficit,
1551 421 1717 461 castra

219 489 443 537 hostium
464 493 617 552 capit.

171 572 196 611 8
283 563 393 610 Tali
417 564 622 611 consilio
648 581 749 610 uno
774 570 1007 625 tempore
1034 569 1088 609 et
1112 562 1396 625 proditores
1421 561 1638 624 perculit
1663 568 1717 609 et

221 637 393 692 hostes
418 637 707 701 profligavit
733 644 804 694 et,
830 636 967 700 quod
992 636 1056 683 ad
1081 638 1363 698 perniciem*
1381 652 1525 682 suam
1549 634 1718 683 fuerat

222 716 523 775 cogitatum,
571 712 624 758 id
672 712 738 759 ad
784 710 1003 758 salutem
1052 713 1319 757 convertit.
1388 710 1502 768 Quo
1549 726 1717 772 neque

223 789 419 832 acutius
454 785 602 832 ullius
635 787 954 847 imperatoris
989 787 1272 847 cogitatum
1305 800 1474 847 neque
1507 783 1718 831 celerius

221 859 415 906 factum
437 876 653 922 usquam
674 859 907 923 legimus.

285 933 332 983 ’7.
374 934 456 980 Ab
475 933 569 980 hoc
593 940 771 979 tamen
793 935 898 979 viro
923 931 1146 996 Sysinas,
1171 934 1395 978 maximo
1418 938 1545 978 natu
1570 931 1717 988 filius,

222 1009 403 1054 desciit
431 1008 496 1054 ad
526 1023 805 1070 regemque
833 1009 1037 1053 transiit
1066 1012 1120 1052 et
1148 1006 1213 1053 de
1242 1004 1532 1053 defectione
1557 1009 1717 1069 patris

223 1081 426 1128 detulit.
512 1080 626 1139 Quo
668 1083 848 1127 nuntio
884 1081 1199 1127 Artaxerxes
1239 1086 1541 1135 commotus,
1581 1080 1718 1143 quod

220 1154 558 1218 intellegebat
587 1155 681 1201 sibi
708 1171 824 1201 cum
851 1157 956 1200 viro
984 1152 1104 1200 forti
1133 1170 1190 1200 ac
1218 1160 1426 1200 strenuo
1452 1156 1718 1217 negotium

221 1245 349 1284 esse,
387 1231 474 1290 qui
510 1245 625 1274 cum
661 1231 956 1291 cogitasset,
992 1226 1161 1274 facere
1199 1227 1455 1274 auderet1
1491 1235 1546 1274 et
1579 1231 1716 1290 prius

221 1305 447 1365 cogitare
477 1318 629 1364 quam
657 1305 827 1348 conari
858 1308 1169 1357 consuesset,
1195 1301 1642 1364 Autophrodatem
1664 1305 1717 1348 in

169 1382 194 1419 2
219 1375 593 1438 Cappadociam
621 1378 801 1422 mittit.
870 1375 967 1421 Hic
996 1391 1061 1421 ne
1091 1378 1282 1422 intrare
1310 1383 1502 1438 posset,
1531 1376 1717 1424 saltum

220 1452 272 1495 in
316 1465 415 1512 quo
460 1448 664 1495 Ciliciae
707 1456 887 1512 portae
931 1456 1051 1496 sunt
1101 1453 1230 1496 sitae
1278 1449 1527 1498 Datames
1571 1467 1717 1514 prae-

170 1531 195 1571 3
219 1539 465 1585 occupare
490 1523 703 1569 studuit.
772 1522 874 1570 Sed
897 1530 1006 1569 tam
1030 1523 1199 1570 subito
1223 1527 1392 1586 copias
1416 1523 1715 1572 contrahere

220 1614 322 1644 non
345 1600 531 1659 potuit.
599 1598 646 1644 A
672 1614 773 1660 qua
795 1613 851 1643 re
877 1597 1116 1659 depulsus
1141 1614 1257 1645 cum
1282 1614 1344 1644 ea
1366 1615 1539 1655 manu,
1562 1616 1716 1663 quam

219 1678 565 1726 contraxerat,
609 1671 776 1718 locum
822 1671 1002 1734 deligit
1059 1671 1236 1728 talem,
1282 1679 1341 1719 ut
1399 1689 1568 1736 neque
1623 1677 1716 1720 cir-

220 1748 497 1791 cumiretur
525 1746 589 1791 ab
616 1744 846 1791 hostibus
874 1761 1042 1807 neque
1069 1748 1376 1807 praeteriret
1402 1747 1714 1795 adversarius

221 1821 344 1880 quin
373 1819 676 1880 ancipitibus
704 1818 823 1865 locis
853 1826 1188 1880 premeretur,
1218 1826 1289 1875 et,
1318 1823 1358 1866 si
1387 1820 1625 1868 dimicare
1654 1838 1714 1869 eo

221 1891 394 1948 vellet,
428 1909 529 1938 non
562 1892 781 1939 multum
816 1893 994 1939 obesse
1028 1892 1304 1940 multitudo
1337 1892 1560 1940 hostium
1591 1911 1714 1943 suae

219 1969 468 2028 paucitati
489 1973 678 2028 posset.

283 2038 331 2089 8.
369 2039 513 2086 Haec
535 2042 631 2086 etsi
653 2039 1069 2102 Autophrodates
1091 2040 1317 2096 videbat,
1335 2047 1511 2088 tamen
1531 2045 1714 2090 statuit

221 2113 462 2176 congredi
481 2130 634 2176 quam
654 2130 768 2159 cum
787 2117 945 2160 tantis
965 2117 1118 2176 copiis
1138 2113 1374 2177 refugere
1394 2122 1483 2162 aut
1502 2122 1609 2162 tam
1627 2116 1713 2163 diu

170 2191 196 2229 2
220 2202 320 2232 uno
374 2185 482 2233 loco
538 2187 732 2234 sedere.
802 2186 1044 2234 Habebat
1098 2188 1428 2235 barbarorum
1482 2192 1713 2252 equitum

278 2292 295 2318 ¹
323 2296 368 2331 et
391 2306 489 2332 cum
513 2294 759 2345 cogita-sset,
783 2294 922 2334 facere
945 2294 1138 2341 auderet,
1163 2300 1238 2345 put
1260 2295 1365 2346 aster
1386 2300 1632 2336 consuesset
1661 2296 1711 2347 by

220 2345 437 2386 Andresen
457 2347 542 2386 and
565 2347 708 2388 others.

359 2475 374 2498 1
405 2473 481 2514 See
502 2478 605 2514 note
624 2487 682 2514 on
701 2475 903 2527 reliquam
922 2475 1170 2526 phalanqem
1190 2477 1265 2516 xii.
1291 2477 1326 2516 1.
1348 2478 1372 2515 2
1395 2479 1454 2529 (p.
1474 2477 1587 2525 496).

220 2564 307 2610 522
