1747 2912
507 180 562 226 L.
616 179 951 227 ANNAEUS
1004 180 1272 228 FLORUS

148 327 260 357 cum
308 310 528 356 aestibus
577 308 734 354 solitis
782 312 834 353 in
881 312 988 370 ipso
1037 313 1313 356 certamine
1361 309 1636 355 subductus

96 395 122 434 6
149 389 380 434 Oceanus
417 385 735 432 intercedere
773 385 905 431 bello
930 385 1199 432 videretur.
1275 385 1398 432 Illae
1435 403 1636 448 quoque

147 480 400 511 accessere
461 463 777 509 diversitates
849 479 937 525 pro
1008 467 1240 525 gentium
1314 463 1637 526 locorumque

146 550 337 588 natura.
414 542 672 604 Aquitani,
709 541 945 586 callidum
981 557 1158 602 genus,
1195 545 1248 586 in
1283 541 1546 603 speluncas
1584 558 1637 588 se

146 619 492 680 recipiebant:
534 620 678 663 iussit
714 617 932 672 includi3
973 617 1158 662 Morini
1195 617 1550 664 dilabebantur
1586 621 1639 663 in

148 697 292 743 silvas
317 695 363 742 :l
423 698 565 741 iussit
638 694 855 740 incendi.
949 694 1112 740 Nemo
1177 701 1379 741 tantum
1448 695 1639 742 feroces

102 783 125 823 7
152 775 336 820 dixerit
413 773 611 820 Gallos:
672 772 929 818 fraudibus
1001 779 1173 834 agunt.
1266 772 1639 818 Indutiomarus

148 853 406 908 Treveros,
445 852 704 896 Ambiorix
742 852 1012 895 concitavit
1054 849 1329 894 Eburones.
1406 849 1640 911 Utrique,

147 931 357 975 absente
385 929 594 974 Caesare
621 930 965 973 coniuratione
991 925 1139 983 facta,
1165 929 1392 972 invasere
1429 925 1638 987 legatos.

98 1015 123 1053 8
150 1007 249 1054 Sed
279 1006 364 1052 ille
398 1006 600 1052 fortiter
624 1022 652 1050 a
679 1003 944 1050 Dolabella
977 1010 1255 1050 summotus
1285 1010 1379 1060 est,
1403 1003 1642 1049 relatum-

150 1101 248 1147 que
281 1087 412 1145 regis
447 1089 626 1145 caput3
663 1081 745 1127 hic
777 1081 969 1128 insidiis
1003 1084 1054 1126 in
1081 1081 1208 1127 valle
1238 1080 1490 1142 dispositis
1526 1080 1643 1126 dolo

150 1161 381 1223 perculit.
456 1160 634 1222 Itaque
671 1166 725 1205 et
767 1165 926 1204 castra
962 1158 1161 1219 direpta
1196 1164 1315 1203 sunt
1351 1164 1405 1204 et
1441 1159 1642 1203 Aurun-

150 1237 402 1285 euleium2
468 1237 668 1283 Cottam
734 1253 848 1282 cum
916 1235 1146 1282 Titurio3
1205 1235 1389 1282 Sabino
1448 1235 1643 1296 legatos

151 1320 418 1362 amisimus.
495 1315 602 1360 Nec
650 1313 753 1359 ulla
799 1313 863 1359 de
912 1330 1032 1375 rege
1079 1330 1195 1359 mox
1244 1313 1399 1368 ultio;
1456 1317 1644 1375 quippe

149 1400 396 1456 perpetua
418 1400 557 1439 trans
586 1392 819 1438 Rhenum
844 1391 964 1453 fuga
987 1391 1149 1438 latuit.

97 1478 121 1517 9
225 1473 331 1517 Nec
359 1470 563 1517 Rhenus
596 1486 716 1531 ergo
747 1473 1001 1525 inmunis;
1034 1486 1128 1516 nec
1158 1473 1294 1516 enim
1330 1469 1403 1515 fas
1442 1474 1551 1516 erat
1586 1476 1644 1515 ut

67 1556 115 1595 lO
152 1549 280 1594 liber
317 1555 451 1594 esset
487 1554 773 1609 receptator
809 1546 1030 1593 hostium
1066 1554 1220 1609 atque
1255 1546 1504 1593 defensor.
1579 1546 1646 1593 Et

152 1630 311 1688 prima
371 1632 545 1671 contra
606 1625 883 1671 Germanos
940 1624 1074 1671 illius
1134 1641 1304 1686 pugna
1361 1627 1645 1671 iustissimis

154 1703 359 1765 quidem
396 1719 458 1748 ex
496 1705 665 1748 causis.
745 1701 948 1748 Haedui
984 1701 1048 1748 de
1085 1703 1449 1748 incursionibus
1474 1717 1646 1747 eorum

67 1789 114 1828 ll
153 1782 504 1844 querebantur.
581 1779 724 1837 Quae
772 1778 1047 1826 Ariovisti4
1087 1783 1218 1841 regis
1255 1780 1516 1841 superbia!
1567 1783 1647 1825 cui

155 1876 268 1905 cum
296 1859 449 1920 legati
480 1859 711 1904 dicerent
747 1862 911 1904 “veni
943 1858 1007 1904 ad
1045 1857 1355 1914 Caesarem,''
1397 1865 1451 1904 et
1490 1861 1648 1920 “quis

156 1943 233 1983 est
272 1937 450 1981 Caesar
469 1936 486 1979 ?
505 1935 530 1951 ''
572 1942 624 1982 et
664 1940 696 1961 “
715 1939 755 1981 si
780 1936 904 1993 vult,
930 1939 1100 1981 veniat
1120 1935 1146 1950 ’'
1184 1939 1365 1997 inquit,
1396 1941 1449 1981 et
1478 1934 1646 1997 “quid

67 2022 117 2063 12
154 2014 217 2060 ad
242 2013 399 2071 illum,
426 2013 547 2076 quid
579 2020 698 2075 agat
731 2020 902 2059 nostra
936 2012 1244 2058 Germania?
1282 2028 1402 2058 num
1437 2028 1532 2074 ego
1564 2027 1646 2058 me

154 2095 422 2152 interpono
476 2090 789 2136 Romanis?'’
836 2091 1014 2152 Itaque
1063 2096 1237 2136 tantus
1276 2093 1444 2152 gentis
1485 2105 1644 2135 novae

155 2176 317 2216 terror
364 2172 416 2213 in
464 2172 654 2226 castris,
701 2174 759 2214 ut
805 2174 1115 2215 testamenta
1161 2170 1344 2229 passim
1392 2170 1546 2213 etiam
1594 2170 1646 2212 in

212 2313 228 2337 1
257 2313 421 2352 Morini
461 2312 772 2353 dilabebantur
801 2313 846 2351 in
876 2312 1008 2352 silvas
1049 2314 1246 2353 Vz‘netus:
1284 2311 1569 2352 morabantur
1599 2312 1645 2352 in

156 2367 279 2407 silvis
298 2369 337 2406 B
354 2383 362 2406 ι
394 2380 473 2406 nec
493 2380 613 2406 mora
633 2367 944 2406 dilabebantur
965 2368 1010 2405 in
1030 2367 1163 2405 silvas
1183 2367 1237 2406 N.

212 2421 227 2445 ²
256 2421 603 2460 Aurunculeium
625 2423 891 2461 Perizonius:
921 2434 1077 2460 aurum
1097 2420 1294 2460 ablatum
1313 2421 1422 2461 codd.

213 2475 229 2499 ³
258 2475 432 2514 Titurio
453 2490 461 2513 z
493 2475 597 2514 tirio
618 2476 667 2514 B.

213 2530 229 2553 ⁴
259 2529 475 2568 Ariovisti
493 2545 500 2569 :
533 2529 647 2568 tario
666 2528 773 2568 bisti
792 2529 830 2568 B
848 2544 857 2569 ε
889 2529 982 2568 ario
1002 2528 1108 2568 iusti
1128 2529 1177 2568 L.

156 2621 246 2652 202
