1802 2942
167 432 219 471 18

613 176 667 223 L.
718 175 1056 222 ANNAEUS
1106 175 1380 223 FLORUS

620 325 862 372 XXVIII.
912 326 1114 371 BELLVM
1154 325 1385 372 DAcva

323 424 452 470 DAc1
487 425 744 470 montibus
771 423 1054 470 inhaerent.
1131 423 1260 470 Inde
1298 423 1582 471 Cotisonis1
1606 429 1742 488 regis

255 505 484 564 imperio,
509 504 744 564 quotiens
781 507 1046 548 concretus
1072 501 1191 563 gelu
1218 501 1480 549 Danuvius
1505 506 1741 549 iunxerat

171 586 222 626 19
259 583 407 641 ripas,
432 578 700 625 decurrere
726 578 958 625 solebant
985 585 1038 625 et
1063 582 1223 625 vicina
1248 579 1490 641 populari.
1565 580 1740 626 Visum

165 1249 218 1289 20

164 1812 217 1852 21

164 1968 218 2007 22

257 663 336 704 est
355 657 552 703 Caesari
577 656 811 718 Augusto
837 662 1047 718 gentem
1077 655 1218 702 aditu
1243 656 1586 703 difficillimam
1611 674 1741 704 sum-

257 750 472 781 movere.
566 734 720 780 Misso
778 737 933 796 igitur
990 733 1210 779 Lentulo
1256 733 1390 780 ultra
1449 735 1740 782 ulteriorem

256 811 480 874 perpulit
503 814 661 873 ripam
681 827 693 867 ;
731 814 854 857 citra
887 811 1135 873 praesidia
1159 816 1453 858 constituta.
1526 812 1608 860 Sic
1632 819 1741 860 tum

257 890 413 936 Dacia
438 906 539 935 non
564 892 713 948 victa,
739 888 829 936 sed
854 895 1104 935 summota
1128 895 1282 953 atque
1309 889 1465 936 dilata
1483 889 1503 920 2
1531 897 1622 938 est.

560 1141 832 1188 XXVIIII.
874 1141 1076 1188 BELLvM
1113 1140 1441 1189 SARMATICVM

322 1240 595 1288 SARMATAE
620 1241 913 1302 patentibus
927 1240 947 1269 3
969 1243 1156 1302 campis
1180 1243 1483 1302 inequitant.
1558 1239 1628 1287 Et
1650 1240 1741 1288 hos

255 1335 347 1382 per
371 1318 592 1365 eundem
619 1318 896 1364 Lentulum
920 1317 1189 1379 prohibere
1216 1317 1449 1363 Danuvio
1475 1320 1594 1364 satis
1629 1317 1740 1366 fuit.

258 1396 400 1443 Nihil
449 1402 652 1458 praeter
694 1399 836 1442 nives
885 1399 1189 1458 pruinasque
1232 1401 1286 1442 et
1333 1395 1479 1441 silvas
1532 1394 1741 1444 habent.

256 1474 419 1521 Tanta
444 1475 670 1520 barbaria
695 1480 789 1532 est,
814 1479 872 1520 ut
897 1490 992 1521 nec
1016 1473 1323 1536 intellegant
1347 1489 1539 1536 pacem.

591 1707 751 1753 XXX.
818 1707 1020 1753 BELLVM
1059 1706 1403 1753 GERMANICVM

325 1805 640 1852 GERMANIAM
672 1821 872 1868 quoque
899 1808 1092 1851 utinam
1118 1808 1319 1851 vincere
1351 1807 1482 1851 tanti
1519 1820 1622 1850 non
1647 1820 1738 1866 pu-

256 1884 445 1930 tasset!
521 1884 685 1944 Magis
732 1886 951 1944 turpiter
993 1885 1172 1928 amissa
1215 1889 1294 1929 est
1332 1898 1481 1945 quam
1528 1882 1743 1944 gloriose

254 1962 516 2024 adquisita.
591 1960 693 2008 Sed
731 1967 980 2023 quatenus
1018 1960 1210 2006 sciebat
1238 1957 1473 2021 patrem4
1496 1975 1644 2006 suum
1689 1959 1740 2006 C.

257 2039 519 2085 Caesarem
553 2040 626 2084 bis
663 2044 1008 2084 transvectum
1045 2043 1200 2100 ponte
1229 2037 1462 2083 Rhenum
1490 2040 1743 2099 quaesisse

256 2116 465 2174 bellum,
509 2119 561 2161 in
598 2115 730 2161 illius
770 2115 1014 2161 honorem
1055 2118 1382 2176 concupierat
1427 2114 1594 2160 facere
1631 2130 1744 2176 pro-

254 2197 468 2240 vinciam
490 2209 501 2248 ;
535 2200 588 2240 et
612 2193 801 2239 factum
827 2199 952 2250 erat,
972 2196 1012 2239 si
1038 2193 1237 2238 barbari
1262 2191 1402 2238 tam⁵
1429 2195 1550 2238 vitia
1572 2198 1744 2238 nostra

256 2288 405 2334 quam
430 2274 639 2333 imperia
660 2271 680 2300 ⁶
708 2270 842 2317 ferre
867 2273 1167 2332 potuissent.

312 2368 328 2392 ¹
357 2368 601 2409 Cotisonis:
633 2368 823 2420 gotisoni
843 2369 893 2407 B.

312 2422 328 2447 ²
356 2422 524 2462 dilata:
557 2421 704 2460 deleta
723 2423 784 2461 B:
816 2421 1007 2461 dilatata
1026 2422 1076 2462 L.

310 2477 327 2501 ³
357 2475 636 2528 patentibus:
668 2475 911 2515 iacentibus
931 2476 982 2518 B.
1158 2476 1175 2500 ⁴
1202 2479 1401 2528 patrem:
1431 2474 1607 2527 patroni
1625 2476 1681 2514 B.

311 2530 327 2554 ⁵
360 2530 532 2570 barbari
551 2534 668 2570 tam:
699 2528 970 2569 barbaricam
990 2531 1040 2571 B.
1158 2528 1175 2554 ⁸
1203 2543 1334 2582 quam
1353 2530 1538 2582 imperia
1553 2542 1632 2569 om.
1650 2529 1702 2568 B.

253 2611 350 2657 334
