1747 2912
84 377 133 416 17

90 798 136 836 18

89 1050 135 1088 19

87 1467 139 1506 20

90 1719 138 1756 21

91 2052 142 2092 22

525 155 578 200 L.
631 150 963 198 ANNAEUS
1013 148 1283 196 FLORUS

168 284 404 330 adversus
458 282 583 328 haee
631 284 797 327 omnia
852 281 1088 336 obversis,
1133 276 1410 323 secundum
1456 274 1650 322 caelum

171 376 353 415 tenens
380 373 532 412 vento
558 365 764 427 pulvere
790 370 843 410 et
868 362 971 409 sole
997 367 1259 424 pugnaret.
1337 360 1514 422 Itaque
1552 358 1652 404 duo

168 455 371 498 maximi
397 453 646 496 exercitus
672 452 801 494 caesi
826 447 889 493 ad
914 447 1135 492 hostium
1161 448 1468 500 satietatem,
1490 444 1653 498 donee

170 535 390 581 Annibal
427 534 621 580 diceret
661 533 810 578 militi
847 547 934 577 suo
967 535 1162 592 “parce
1201 527 1380 574 ferro.’'
1455 526 1655 573 Ducum

170 620 303 682 fugit
343 619 487 675 alter,
523 617 652 663 alter
690 619 878 662 occisus
921 621 1027 669 est3
1063 614 1289 669 dubium,
1325 619 1439 658 uter
1469 615 1655 657 maiore

170 708 369 750 animo:
448 702 656 747 Paulum
719 700 915 762 puduit,
970 698 1124 743 Varro
1182 714 1285 743 non
1354 697 1652 758 desperavit.

175 789 494 834 Documenta
519 785 671 831 cladis
697 790 934 830 cruentus
959 782 1250 844 aliquandiu
1274 780 1502 838 Aufidus,
1527 796 1653 842 pons

172 873 236 919 de
276 871 597 916 cadaveribus
636 872 771 914 iussu
813 867 952 913 ducis
985 866 1147 912 factus
1183 869 1236 910 in
1273 871 1502 911 torrente
1535 864 1657 910 Ver-

172 955 322 1018 gello,
381 953 534 999 modii
592 952 692 998 duo
761 950 1025 996 anulorum
1096 949 1455 1011 Carthaginem
1523 951 1660 994 missi

175 1041 500 1107 dignitasque
555 1040 801 1099 equestris
860 1042 1031 1081 taxata
1089 1050 1335 1080 mensura.
1434 1033 1659 1079 Dubium

175 1123 361 1169 deinde
386 1138 488 1166 non
525 1124 621 1167 erit
657 1123 778 1181 quin
814 1118 1049 1164 ultimum
1085 1117 1228 1162 illum
1264 1117 1399 1162 diem
1429 1116 1661 1163 habitura

174 1207 328 1253 fuerit
356 1206 511 1251 Roma
547 1208 880 1266 quintumque
905 1206 1039 1248 intra
1063 1201 1198 1247 diem
1224 1201 1414 1262 epulari
1442 1200 1661 1246 Annibal

175 1296 227 1337 in
253 1290 497 1352 Capitolio
523 1291 762 1350 potuerit,
787 1291 843 1344 si,
869 1286 1003 1349 quod
1044 1285 1266 1331 Poenum
1302 1285 1443 1331 illum
1479 1285 1662 1331 dixisse

178 1373 522 1420 Maharbalem
571 1371 858 1417 Bomilcaris
897 1369 1085 1426 ferunt,
1128 1368 1349 1414 Annibal
1399 1385 1550 1431 quem
1598 1368 1662 1414 ad

178 1459 384 1504 modum
421 1461 571 1502 sciret
607 1459 824 1512 vincere,
849 1457 918 1500 sic
947 1456 1023 1499 uti
1058 1456 1265 1499 victoria
1300 1456 1486 1499 scisset.
1563 1452 1663 1499 Sed

177 1550 288 1589 tum
326 1541 531 1603 quidem
573 1540 731 1596 illum,
773 1545 831 1584 ut
869 1538 968 1584 dici
1008 1537 1156 1599 volgo
1194 1536 1339 1593 solet,
1374 1543 1463 1583 aut
1502 1535 1664 1582 fatum

179 1628 312 1672 urbis
354 1629 691 1686 imperaturae
740 1629 827 1669 aut
874 1625 1027 1683 ipsius
1065 1637 1209 1667 mens
1246 1620 1377 1666 mala
1419 1627 1472 1667 et
1506 1623 1665 1667 aversi

179 1728 207 1756 a
256 1709 560 1770 Carthagine
620 1707 671 1753 di
718 1711 771 1752 in
820 1706 1072 1752 diversum
1123 1704 1454 1750 abstulerunt.
1540 1704 1666 1750 Cum

180 1797 385 1840 victoria
432 1798 601 1854 posset
658 1794 750 1846 uti,
802 1789 900 1835 frui
945 1789 1140 1845 maluit,
1186 1788 1462 1850 relictaque
1512 1788 1667 1834 Roma

183 1878 503 1939 Campaniam
552 1876 929 1935 Tarentumque
991 1876 1240 1931 perrexit3
1303 1873 1389 1918 ubi
1439 1888 1555 1918 mox
1614 1879 1668 1919 et

181 1965 334 2024 ipsius
384 1968 436 2007 et
484 1958 768 2007 exercitusl
816 1958 962 2004 ardor
1010 1957 1253 2018 elanguit,
1288 1956 1415 2003 adeo
1453 1962 1510 2003 ut
1551 1972 1668 2003 vere

184 2046 377 2091 dictum
419 2049 483 2091 sit
538 2044 756 2105 Capuam
814 2041 1054 2087 Annibali
1114 2041 1307 2086 Cannas
1360 2039 1525 2086 fuisse.
1616 2040 1669 2086 Si

184 2130 389 2192 quidem
413 2132 657 2174 invictum
681 2127 894 2188 Alpibus
919 2125 1322 2186 indomitumque
1346 2127 1494 2169 armis
1527 2123 1668 2169 Cam-

181 2216 479 2276 pani—quis
527 2211 758 2257 crederet
775 2209 994 2256 ?—soles
1042 2215 1095 2255 et
1149 2214 1387 2270 tepentes
1443 2207 1667 2254 fontibus

184 2298 332 2343 Baiae
358 2298 685 2358 subegerunt.

238 2432 254 2457 1
279 2438 328 2525 {t
357 2432 494 2484 ipsius
515 2436 561 2470 et
581 2429 800 2470 exereitus
822 2429 1021 2469 Dakerus
1041 2444 1050 2469 ε
1082 2431 1128 2468 et
1152 2428 1245 2480 ipse
1265 2430 1311 2467 et
1339 2427 1477 2479 ipsius
1507 2425 1667 2466 exerci-

186 2490 259 2526 tus
319 2517 328 2527 .

190 2578 281 2609 100
