1802 2942
664 164 1058 214 CORNELIUS
1105 164 1325 213 NEPOS

243 297 317 341 ita
338 295 555 356 produxi
574 297 733 340 vitam
753 301 811 340 ut
833 297 1061 340 auxerim
1077 293 1274 341 dolores
1296 296 1405 340 sine
1427 310 1517 357 spe
1539 292 1732 341 salutis.

246 361 361 419 Qua
389 377 444 407 re
477 378 505 406 a
536 363 675 407 vobis
706 368 847 424 peto,
876 364 1095 423 primum
1127 368 1186 407 ut
1215 361 1477 407 consilium
1506 363 1734 423 probetis

243 445 433 483 meum,
492 429 678 475 deinde
737 444 803 475 ne
861 427 1051 475 frustra
1109 427 1427 476 dehortando
1485 428 1734 492 impedire

429 498 437 506 .
483 498 491 506 .
521 494 548 509 ,,

242 512 510 542 conemlm.

308 560 391 610 22.
426 561 536 608 Hac
577 565 806 609 oratione
847 561 1043 617 habita,
1082 569 1232 608 tanta
1272 565 1561 609 constantia
1601 564 1735 608 vocis

247 637 403 691 atque
426 629 613 684 vultus,
636 637 694 675 ut
716 647 818 676 non
843 646 906 676 ex
929 633 1052 684 vita,
1075 631 1167 676 sed
1191 646 1255 675 ex
1278 630 1428 676 domo
1451 633 1504 675 in
1527 630 1736 676 domum

196 700 220 738 2
244 697 502 743 videretur
532 700 770 760 migrare,
803 713 918 743 cum
953 697 1161 759 quidem
1194 697 1425 759 Agrippa
1458 713 1576 742 eum
1610 695 1736 743 flens

247 770 404 826 atque
430 763 659 809 osculans
686 771 856 810 oraret
884 771 1040 826 atque
1068 764 1360 810 obsecraret
1385 779 1451 810 ne
1478 763 1532 810 id
1551 763 1572 793 1
1599 763 1737 826 quod

245 838 430 876 natura
472 837 682 893 cogeret
723 833 833 892 ipse
880 846 1084 894 quoque
1129 831 1224 877 sibi
1269 830 1618 885 acceleraret,2
1665 837 1738 885 et,

247 901 487 960 quoniam
518 905 631 944 tum
664 913 867 960 quoque
899 904 1075 960 posset
1105 898 1422 960 temporibus
1453 913 1738 960 superesse,

247 980 302 1010 se
331 966 426 1011 sibi
454 968 659 1027 suisque
687 972 990 1020 reservaret,
1019 981 1195 1027 preces
1227 967 1333 1011 eius
1362 967 1620 1011 taciturna
1647 980 1739 1011 sua

196 1038 221 1077 3
244 1033 587 1078 obstinatione
636 1033 902 1094 depressit.
971 1031 1051 1078 Sic
1099 1048 1214 1078 cum
1261 1032 1474 1078 biduum
1522 1033 1634 1078 cibo
1682 1047 1738 1078 se

246 1100 593 1154 abstinuisset,
620 1100 789 1145 subito
817 1098 972 1145 febris
1001 1099 1221 1146 decessit
1245 1098 1505 1161 leviorque
1533 1099 1738 1145 morbus

248 1183 357 1213 esse
378 1170 564 1228 coepit.
631 1166 825 1212 Tamen
844 1170 1161 1228 propositum
1181 1166 1336 1212 nihilo
1358 1169 1516 1212 setius
1536 1168 1740 1228 peregit

246 1236 422 1295 itaque
467 1234 550 1280 die
596 1237 775 1296 quinto
818 1241 1091 1295 postquam
1134 1234 1188 1280 id
1231 1233 1494 1279 consilium
1536 1235 1740 1288 inierat,

247 1301 409 1363 pridie
442 1300 554 1346 Kal.
586 1300 786 1362 Apriles
818 1300 907 1346 Cn.
940 1301 1167 1347 Domitio
1199 1299 1253 1346 C.
1284 1299 1425 1346 Sosio
1452 1299 1739 1347 consulibus

196 1373 223 1411 4
245 1369 480 1415 decessit.
546 1367 726 1414 Elatus
760 1375 838 1414 est
868 1370 921 1413 in
950 1367 1203 1423 lecticula,
1234 1374 1293 1414 ut
1322 1370 1432 1430 ipse
1462 1369 1741 1429 praescrip-

247 1442 402 1490 serat,
425 1437 532 1481 sine
556 1434 658 1481 ulla
680 1452 867 1497 pompa
890 1433 1099 1490 funeris,
1122 1435 1484 1480 comitantibus
1507 1434 1740 1481 omnibus

248 1502 410 1557 bonis,
434 1505 658 1548 maxima
685 1502 822 1565 vulgi
847 1501 1154 1564 frequentia.
1222 1501 1462 1564 Sepultus
1490 1508 1570 1548 est
1594 1504 1742 1547 iuxta

250 1572 382 1615 viam
420 1571 642 1631 Appiam
681 1569 746 1615 ad
785 1572 1021 1632 quintum
1057 1568 1281 1631 lapidem
1317 1572 1371 1614 in
1407 1575 1741 1615 monumento

249 1636 312 1694 Q.
341 1636 562 1692 Caecilii,
588 1636 821 1683 avunculi
845 1640 938 1683 sui.

781 1796 1220 1843 FRAGMENTA

313 1892 361 1942 1.
397 1895 564 1941 Verba
587 1911 651 1941 ex
673 1894 892 1957 epistula
915 1893 1178 1941 Corneliae
1203 1892 1545 1940 Gracchorum
1566 1896 1742 1940 matris

252 1978 315 2008 ex
353 1962 480 2008 libro
519 1962 721 2008 Corneli
760 1961 972 2024 Nepotis
1013 1962 1077 2008 de
1117 1961 1313 2008 Latinis
1352 1961 1617 2008 Historicis
1657 1976 1744 2007 ex-

250 2028 466 2091 cerpta.3

318 2098 360 2143 1.
399 2096 549 2142 Dices
571 2095 837 2158 pulchrum
860 2112 969 2142 esse
990 2098 1217 2141 inimicos
1239 2094 1425 2141 ulcisci.
1493 2093 1554 2141 Id
1574 2110 1743 2156 neque

252 2167 413 2209 maius
459 2179 628 2225 neque
674 2162 929 2225 pulchrius
975 2165 1212 2224 cuiquam
1259 2169 1416 2225 atque
1461 2161 1586 2208 mihi
1633 2177 1744 2208 esse

319 2263 334 2286 ¹
364 2275 417 2301 ne
437 2262 496 2307 id,
519 2262 723 2308 Lambin;
760 2274 813 2300 ne
835 2261 892 2300 ad
912 2261 971 2308 id,
995 2261 1129 2301 MSS.

257 2315 531 2408 acgessrgrrgh
549 2316 586 2354 Β
617 2315 718 2354 have
748 2329 775 2354 a
807 2315 932 2354 blank
962 2328 1086 2366 space
1116 2314 1163 2366 of
1189 2314 1312 2353 about
1343 2313 1438 2366 half
1463 2326 1490 2353 α
1522 2313 1608 2353 line
1637 2313 1745 2365 after

314 2424 330 2448 ³
360 2423 460 2463 Cod.
485 2423 586 2475 Gis„
608 2421 827 2472 accordinq
848 2426 887 2461 to
909 2422 1069 2462 Savaro
1089 2421 1175 2460 and
1198 2421 1417 2462 Paean-ius.

390 2553 407 2577 ¹
436 2553 520 2592 For
540 2553 614 2592 the
635 2553 836 2604 meaning
856 2552 901 2592 of
919 2551 1052 2599 bonis,
1072 2564 1141 2591 see
1160 2555 1263 2591 note
1286 2553 1322 2598 1,
1344 2565 1386 2603 p.
1408 2551 1502 2592 670.

252 2613 340 2670 692
