1802 2942
602 187 995 237 CORNELIUS
1040 186 1260 235 NEPOS

179 318 527 365 temnentibus
563 319 804 379 perniciei
841 323 895 362 et
929 315 1045 361 huic
1080 315 1324 376 despecto
1359 314 1509 360 saluti
1543 313 1672 369 fuit3

180 391 305 438 haec
329 394 463 437 enim
485 391 594 436 illos
618 406 799 453 segnes
825 390 890 435 ad
912 388 1341 451 persequendum,
1362 387 1453 434 hos
1478 395 1674 443 autem,

178 472 409 526 tempore
453 464 517 510 ad
559 463 954 524 comparandum
997 462 1136 516 dato,
1179 459 1302 507 fecit
1344 461 1668 507 robustiores.

129 547 153 586 3
179 538 291 597 Quo
318 541 479 601 magis
507 544 839 599 praeceptum
867 536 991 582 illud
1019 539 1244 582 omnium
1271 538 1324 580 in
1353 538 1530 580 animis
1560 550 1673 580 esse

181 612 354 667 debet,
388 610 512 657 nihil
544 614 596 656 in
629 610 762 656 bello
798 617 1033 671 oportere
1069 611 1326 655 contemni
1361 624 1528 670 neque
1563 610 1672 654 sine

128 695 155 731 4
179 703 329 733 causa
364 685 460 732 dici
494 691 712 731 matrem
747 684 913 730 timidi
948 682 1069 729 flere
1105 699 1207 729 non
1242 682 1419 728 solere.
1489 681 1671 744 Neque

180 767 355 807 tamen
393 775 483 820 pro
524 761 758 820 opinione
797 756 1099 819 Thrasybuli
1140 763 1321 802 auctae
1362 762 1481 801 sunt
1521 769 1674 817 opes;

182 850 299 880 nam
325 835 426 878 iam
453 839 564 878 tum
590 831 684 877 illis
712 831 1026 892 temporibus
1054 828 1232 876 fortius
1261 830 1381 875 boni
1407 845 1497 891 pro
1523 828 1674 875 liber-

127 917 152 954 5
177 914 287 954 tate
302 906 642 968 loquebantur
659 921 812 967 quam
827 904 1144 966 pugnabant.
1214 902 1346 949 Hinc
1363 906 1417 948 in
1436 902 1672 948 Piraeum

181 983 382 1027 transiit
416 977 851 1042 Munychiamque
882 981 1113 1023 munivit.
1183 965 1329 1022 Hanc
1360 977 1436 1023 bis
1468 978 1673 1039 tyranni

182 1069 476 1116 oppugnare
517 1059 636 1098 sunt
677 1051 858 1106 adorti,
900 1052 963 1097 ab
1005 1067 1168 1113 eaque
1209 1053 1430 1112 turpiter
1468 1049 1677 1111 repulsi,

181 1130 409 1190 protinus
443 1129 495 1171 in
530 1126 726 1180 urbem,
763 1128 911 1170 armis
946 1125 1428 1186 impedimentisque
1464 1127 1677 1179 amissis,

180 1200 496 1263 refugerunt.

131 1283 155 1321 6
244 1273 377 1320 Usus
409 1280 487 1319 est
515 1270 858 1334 Thrasybulus
888 1288 990 1317 non
1019 1273 1184 1316 minus
1215 1271 1490 1332 prudentia
1520 1287 1673 1333 quam

181 1346 509 1401 fortitudine3
549 1362 668 1392 nam
692 1345 934 1391 cedentes
957 1344 1131 1390 violari
1152 1347 1516 1390 vetuit—cives
1539 1347 1674 1390 enim

182 1422 370 1468 civibus
402 1436 610 1482 parcere
644 1435 865 1482 aequum
897 1419 1374 1480 censebat—neque
1407 1421 1676 1481 quisquam

183 1502 262 1541 est
316 1494 607 1540 vulneratus
663 1496 757 1539 nisi
813 1495 899 1556 qui
953 1495 1088 1555 prior
1143 1495 1444 1555 impugnare
1499 1491 1673 1538 voluit.

182 1568 453 1614 Neminem
490 1571 745 1614 iacentem
783 1573 927 1613 veste
969 1565 1220 1629 spoliavit,
1259 1565 1329 1611 nil
1368 1569 1543 1629 attigit
1580 1567 1677 1612 nisi

182 1659 321 1688 arma
345 1659 559 1705 quorum
581 1641 864 1704 indigebat,
890 1656 1124 1703 quaeque
1150 1640 1215 1686 ad
1239 1643 1429 1686 victum
1452 1643 1679 1701 pertine-

129 1726 153 1764 7
177 1717 319 1763 bant.
388 1715 449 1762 In
473 1715 694 1762 secundo
719 1714 909 1777 proelio
935 1714 1118 1760 cecidit
1145 1713 1345 1769 Critias,
1371 1713 1476 1760 dux
1500 1720 1678 1776 tyran-

182 1807 377 1844 norum,
393 1806 508 1835 cum
532 1789 739 1852 quidem
759 1788 996 1834 adversus
1015 1786 1387 1850 Thrasybulum
1403 1785 1678 1833 fortissime

181 1870 451 1926 pugnaret.

245 1936 293 1986 3.
332 1936 442 1983 Hoc
465 1936 665 1983 deiecto
689 1934 963 1981 Pausanias
985 1936 1127 1981 venit
1150 1934 1334 1980 Atticis
1359 1933 1563 1989 auxilio,
1584 1950 1676 1980 rex

185 2009 718 2056 Lacedaemoniorum.
788 2008 837 2054 Is
885 2011 1019 2054 inter
1067 2006 1439 2070 Thrasybulum
1488 2014 1542 2054 et
1590 2023 1678 2055 eos

183 2087 270 2147 qui
302 2085 481 2129 urbem
513 2084 764 2130 tenebant
796 2081 919 2128 fecit
951 2097 1131 2144 pacem
1162 2080 1238 2127 his
1271 2081 1677 2128 condicionibus:

183 2173 248 2204 ne
299 2161 384 2220 qui
432 2164 638 2219 praeter
685 2159 898 2219 triginta
946 2163 1188 2218 tyrannos
1239 2161 1294 2201 et
1343 2155 1538 2210 decem,
1588 2157 1675 2218 qui

183 2238 363 2293 postea
395 2237 656 2293 praetores
692 2232 850 2276 creati
884 2231 1152 2291 superioris
1186 2244 1326 2274 more
1361 2227 1677 2275 crudelitatis

185 2310 332 2350 erant
382 2306 476 2359 usi,
529 2303 868 2349 adficerentur
921 2301 1094 2347 exsilio
1146 2317 1275 2347 neve
1327 2301 1462 2347 bona
1513 2301 1675 2363 publi-

247 2425 264 2486 }
286 2424 468 2486 ‘Quidem
491 2424 659 2475 implies
683 2423 783 2462 that
809 2423 959 2462 valour
983 2423 1125 2461 would
1149 2426 1228 2461 not
1253 2421 1305 2461 be
1329 2422 1539 2473 expected
1561 2422 1674 2463 from

189 2478 359 2570 Csstlffe
381 2543 467 2570 was
487 2530 590 2582 king
610 2530 722 2569 from
743 2531 824 2570 408
845 2534 891 2569 to
913 2530 993 2569 394
1015 2539 1100 2568 ΒΩ.

188 2611 277 2668 462
