1802 2942
648 138 1042 188 CORNELIUS
1087 138 1309 188 NEPOS

228 286 381 332 quam
417 268 703 323 velocitati3
756 267 894 313 illam
932 270 1067 314 enim
1105 268 1170 314 ad
1207 266 1517 314 athletarum
1552 284 1719 326 usum,

226 336 357 382 hanc
416 336 480 382 ad
538 335 658 381 belli
718 335 1046 381 existimabat
1103 334 1383 381 utilitatem
1440 338 1716 397 pertinere.

176 414 201 452 5
227 403 410 466 Itaque
443 403 778 449 exercebatur
808 402 1081 463 plurimum
1112 402 1360 448 currendo
1392 409 1447 448 et
1476 401 1718 450 luctando

228 471 293 517 ad
318 487 435 516 eum
468 469 639 524 finem,
663 469 832 532 quoad
854 476 993 515 stans
1008 469 1029 500 1
1062 468 1330 531 complecti
1353 476 1528 530 posset
1560 477 1718 532 atque

226 537 552 585 contendere.
621 536 682 582 In
727 539 876 583 armis
922 552 1040 583 vero
1085 535 1357 598 plurimum
1402 536 1557 583 studii
1600 553 1719 584 con·

225 605 477 652 sumebat.

291 671 340 722 3.
377 672 460 718 Ad
486 670 616 717 hanc
640 673 858 733 corporis
882 669 1178 716 firmitatem
1205 669 1351 732 plura
1378 673 1535 716 etiam
1563 673 1716 718 animi

225 740 360 785 bona
396 745 729 785 accesserant.
795 737 923 783 Erat
974 740 1110 784 enim
1159 737 1439 792 modestus,
1477 739 1717 799 prudens,

227 809 410 869 gravis,
456 806 770 867 temporibus
816 807 1075 867 sapienter
1125 811 1294 859 utens,
1339 808 1534 866 peritus
1579 804 1718 862 belli,

227 872 371 919 fortis
399 889 572 927 manu,
603 875 770 918 animo
798 874 1039 926 maximo,
1069 871 1197 918 adeo
1226 874 1456 918 veritatis
1484 871 1718 935 diligens,

178 946 202 984 2
226 948 284 987 ut
331 956 396 986 ne
442 943 551 986 ioco
600 939 807 1002 quidem
853 941 1173 985 mentiretur.
1242 938 1388 985 Idem
1435 942 1717 995 continens,

227 1007 448 1054 clemens
498 1010 803 1069 patiensque
849 1006 1201 1053 admirandum
1251 1009 1303 1051 in
1353 1006 1578 1062 modum,
1615 1023 1717 1053 non

227 1075 388 1121 solum
428 1073 618 1136 populi,
653 1074 744 1120 sed
775 1076 931 1120 etiam
966 1076 1241 1119 amicorum
1274 1071 1442 1119 ferens
1481 1076 1718 1130 iniurias;

226 1145 279 1188 in
324 1144 496 1203 primis
543 1144 808 1187 commissa
858 1140 1045 1195 celans,
1092 1140 1266 1203 qu0d2
1311 1140 1570 1187 interdum
1615 1157 1717 1187 non

225 1212 390 1255 minus
405 1208 613 1270 prodest
627 1225 780 1271 quam
793 1208 982 1254 diserte
996 1207 1442 1262 dicere,studiosus
1450 1208 1688 1255 audiendi
1703 1222 1719 1264 3

178 1284 202 1323 3
227 1292 290 1323 ex
335 1275 430 1322 hoc
476 1279 611 1321 enim
656 1274 892 1321 facillime
939 1275 1062 1321 disci
1106 1275 1464 1321 arbitrabatur.
1531 1274 1717 1337 Itaque

227 1360 342 1390 cum
374 1346 427 1388 in
460 1342 700 1389 circulum
733 1345 955 1388 venisset
987 1345 1039 1388 in
1073 1358 1173 1404 quo
1207 1348 1298 1388 aut
1331 1342 1395 1389 de
1429 1358 1483 1388 re
1515 1341 1719 1404 publica

227 1411 573 1472 disputaretur
617 1416 707 1456 aut
750 1410 815 1456 de
858 1408 1175 1471 philosophia
1216 1424 1381 1456 sermo
1423 1407 1718 1466 haberetur,

225 1494 504 1540 numquam
528 1476 647 1524 inde
670 1479 807 1539 prius
832 1477 1079 1532 discessit,
1103 1493 1255 1539 quam
1279 1476 1344 1523 ad
1366 1476 1520 1522 finem
1552 1492 1719 1524 sermo

228 1552 363 1592 esset
386 1545 651 1591 adductus.

175 1620 201 1656 4
287 1611 654 1673 Paupertatem
689 1611 816 1658 adeo
851 1609 998 1657 facile
1032 1626 1301 1672 perpessus
1337 1616 1434 1666 est,
1468 1616 1528 1656 ut
1562 1610 1627 1657 de
1661 1626 1717 1657 re

225 1679 428 1741 publica
473 1678 596 1724 nihil
641 1685 847 1740 praeter
891 1677 1103 1741 gloriam
1149 1680 1359 1740 ceperit.
1425 1678 1717 1724 Amicorum

225 1749 277 1792 in
331 1762 385 1792 se
438 1746 631 1792 tuendo
684 1748 846 1791 caruit
899 1743 1246 1800 facultatibus,
1299 1743 1438 1790 fide3
1487 1745 1551 1791 ad
1595 1744 1717 1792 alios

226 1812 561 1859 sublevandos
603 1828 756 1874 saepe
799 1815 868 1858 sic
910 1828 1029 1858 usus
1072 1818 1168 1867 est,
1210 1818 1270 1858 ut
1309 1811 1520 1858 iudicari
1557 1815 1719 1873 possit

177 1890 202 1927 5
226 1883 395 1927 omnia
431 1883 477 1926 ei
513 1896 628 1926 cum
666 1882 836 1925 amicis
872 1877 1027 1925 fuisse
1064 1881 1365 1925 communia.
1435 1877 1566 1924 Nam
1602 1895 1717 1925 cum

228 1954 318 1993 aut
349 1950 532 1993 civium
563 1963 767 1993 suorum
800 1945 978 2009 aliquis
1012 1946 1076 1992 ab
1107 1945 1337 1992 hostibus
1371 1952 1507 1991 esset
1538 1952 1717 2008 captus

228 2022 318 2061 aut
352 2017 492 2078 virgo
529 2017 675 2060 amici
710 2013 911 2069 nubilis,
947 2029 1079 2076 quae
1113 2019 1323 2075 propter
1356 2019 1717 2074 paupertatem

487 2161 505 2186 1
535 2161 681 2212 quoad
699 2164 836 2207 stans,
855 2173 907 2206 τις
944 2172 1031 2211 quo
1050 2159 1245 2206 adstans,
1265 2159 1318 2198 M
1320 2152 1400 2200 SS.

490 2215 506 2239 ²
537 2215 755 2266 quodque,
777 2216 976 2254 Eussner.

491 2269 507 2293 ³
535 2269 688 2315 isdem,
709 2268 775 2308 M.
796 2268 946 2318 Haupt
958 2282 968 2314 ;
999 2266 1131 2314 idem,
1151 2266 1289 2318 Nipp.

282 2444 299 2468 ²
329 2442 405 2483 See
427 2443 520 2482 crit.
542 2446 658 2481 note.

279 2496 296 2521 ²
322 2496 446 2536 After
465 2497 540 2535 the
560 2508 738 2535 manner
760 2494 804 2535 of
823 2495 898 2535 the
918 2494 1264 2547 Pythagoream;
1301 2506 1370 2533 see
1391 2492 1498 2533 Gen.
1519 2492 1548 2533 i.
1571 2493 1610 2532 9.
1633 2493 1699 2534 12.

228 2587 319 2634 534
