1802 2942
655 132 1047 181 CORNELIUS
1093 131 1313 181 NEPOS

232 278 449 324 eamque
504 261 925 307 consuetudinem
979 259 1196 306 adduxit
1248 266 1324 315 ut,
1378 276 1494 306 cum
1545 259 1723 322 proelii

232 334 433 393 signum
460 329 524 374 ab
549 331 857 389 imperatore
885 333 1021 373 esset
1047 327 1243 381 datum,
1270 329 1378 372 sine
1404 327 1543 373 ducis
1569 343 1724 389 opera

233 400 302 443 sic
334 396 598 442 ordinatae
630 397 984 449 consisterent,
1017 400 1076 439 ut
1108 392 1292 455 singuli
1322 396 1626 455 peritissimo
1657 394 1723 441 ab

182 473 207 511 3
227 467 533 526 imperatore
549 462 778 523 dispositi
790 460 1099 507 viderentur.
1163 460 1274 506 Hoc
1289 463 1517 506 exercitu
1529 477 1724 507 moram

234 530 754 577 Lacedaemoniorum
808 526 1085 582 interfecit,
1143 527 1280 589 quod
1333 529 1555 573 maxime
1611 533 1725 573 tota

233 597 548 645 celebratum
572 602 651 642 est
674 595 903 641 Graecia.
972 593 1168 640 Iterum
1191 593 1373 640 eodem
1393 593 1527 639 bello
1549 610 1724 640 omnes

235 667 403 726 copias
431 680 605 709 eorum
620 661 838 725 fugavit,
858 677 958 723 quo
983 659 1119 707 facto
1138 677 1378 723 magnam
1403 661 1620 722 adeptus
1646 668 1726 708 est

181 740 209 777 4
232 731 458 794 gloriam.
529 730 656 775 Cum
705 729 1018 774 Artaxerxes
1067 728 1328 790 Aegyptio
1377 730 1486 790 regi
1534 727 1725 774 bellum

234 797 420 844 inferre
458 796 634 851 voluit,
673 795 967 857 Iphicraten
1004 795 1068 840 ab
1107 793 1506 840 Atheniensibus
1543 795 1726 841 ducem

235 868 436 927 petivit,
463 880 615 926 quem
639 862 941 924 praeficeret
966 864 1212 907 exercitui
1236 861 1569 917 conducticio,
1585 864 1725 908 cuius

235 948 473 978 numerus
507 930 775 977 duodecim
806 928 1001 974 milium
1033 927 1148 974 fuit.
1217 927 1384 986 Quem
1417 928 1624 990 quidem
1656 931 1726 974 sic

235 1002 372 1045 omni
407 997 670 1059 disciplina
703 996 909 1042 militari
945 995 1181 1051 erudivit,
1204 1002 1264 1041 ut
1295 995 1725 1057 quemadmodum

230 1066 489 1128 quondam
507 1065 717 1110 Fabiani
770 1062 957 1108 milites
1013 1062 1169 1109 verel
1217 1061 1430 1108 Romani
1479 1062 1725 1125 appellati

235 1141 373 1187 sunt,
420 1135 489 1178 sic
537 1130 910 1193 Iphicratenses
965 1129 1102 1191 apud
1147 1128 1367 1175 Graecos
1419 1132 1472 1174 in
1529 1145 1726 1175 summa

183 1209 209 1247 5
233 1200 384 1246 laude
421 1197 627 1244 fuerint.
699 1197 844 1243 Idem
891 1197 1114 1242 subsidio
1156 1195 1572 1242 Lacedaemoniis
1612 1212 1726 1258 pro-

241 1266 424 1321 fectus,
457 1264 842 1327 Epaminondae
874 1263 1156 1309 retardavit
1189 1266 1440 1325 impetus3
1479 1279 1599 1308 nam
1631 1266 1725 1309 nisi

238 1337 344 1380 eius
381 1333 630 1379 adventus
671 1334 1144 1393 appropinquasset,
1179 1347 1281 1376 non
1320 1333 1457 1392 prius
1497 1329 1724 1376 Thebani

237 1400 421 1462 Sparta
456 1401 835 1454 abscessissent,
868 1414 1022 1460 quam
1056 1403 1261 1459 captam
1295 1397 1529 1443 incendio
1564 1397 1726 1444 deles-

238 1474 369 1514 sent.

297 1534 346 1584 3.
385 1533 502 1579 Fuit
543 1539 718 1579 autem
761 1538 815 1578 et
856 1534 1023 1577 animo
1064 1547 1251 1594 magno
1293 1537 1348 1577 et
1387 1547 1595 1593 corpore
1635 1533 1727 1576 im-

234 1604 591 1663 peratoriaque
627 1598 806 1654 forma,
842 1606 901 1645 ut
935 1601 1044 1660 ipso
1081 1605 1292 1660 aspectu
1326 1600 1481 1644 cuivis
1515 1601 1728 1644 iniceret

183 1675 209 1712 2
235 1669 623 1715 admirationem
675 1669 769 1721 sui,
821 1665 912 1711 sed
962 1669 1015 1710 in
1065 1664 1238 1711 labore
1290 1667 1437 1710 nimis
1489 1668 1725 1711 remissus

235 1750 517 1797 parumque
554 1736 774 1795 patiens,
812 1739 872 1778 ut
908 1731 1265 1793 Theopompus
1302 1734 1578 1777 memoriae
1615 1748 1727 1794 pro-

237 1802 394 1855 didit-3
441 1802 602 1847 bonus
632 1816 750 1846 vero
780 1802 899 1845 civis
930 1799 1133 1861 fideque
1162 1815 1364 1861 magna.
1433 1798 1584 1856 Quod
1611 1815 1727 1845 cum

235 1872 289 1914 in
324 1868 430 1914 aliis
465 1868 616 1914 rebus
651 1866 944 1921 declaravit,
978 1873 1091 1912 tum
1124 1868 1346 1911 maxime
1380 1868 1433 1910 in
1467 1866 1726 1928 Amyntae

238 1935 535 1981 Macedonis
549 1934 720 1980 liberis
736 1933 957 1980 tuendis.
1024 1932 1259 1994 Namque
1275 1932 1547 1995 Eurydice,
1562 1939 1729 1979 mater

235 2002 507 2049 Perdiccae
529 2009 583 2048 et
603 2000 839 2062 Philippi,
854 2017 969 2046 cum
989 1999 1064 2046 his
1081 1999 1277 2046 duobus
1298 2002 1485 2062 pueris,
1499 1999 1728 2063 Amynta

638 2126 655 2151 ²
683 2140 798 2173 vere,
819 2125 950 2166 added
971 2125 1021 2176 by
1050 2127 1241 2176 Waqner.

301 2270 319 2295 1
348 2270 386 2308 A
404 2283 518 2309 mora
538 2269 752 2308 consisted
772 2269 816 2307 of
832 2269 944 2308 from
964 2270 1043 2308 400
1064 2272 1110 2307 to
1130 2269 1209 2308 900
1228 2281 1342 2307 men.

299 2324 315 2348 ²
347 2322 582 2363 Doubtless
620 2322 826 2373 referring
863 2325 911 2361 to
947 2321 996 2367 Q.
1031 2321 1190 2361 Fabius
1228 2321 1442 2361 Maximus
1473 2320 1723 2368 Cunctator,

243 2377 319 2416 the
348 2381 569 2428 opponent
591 2377 635 2414 of
664 2376 898 2414 Hannibal.
955 2374 1144 2427 Wagner
1163 2376 1271 2414 cites
1291 2374 1406 2426 Livy
1426 2385 1542 2415 XXII.
1568 2377 1632 2415 14.
1657 2377 1722 2422 11,

244 2431 308 2470 vir
326 2443 374 2469 ac
396 2444 481 2470 vere
501 2430 730 2469 Romanus.
787 2428 968 2469 Romani
988 2429 1114 2468 alone
1134 2429 1385 2468 sometimes
1410 2428 1488 2469 has
1507 2428 1585 2469 the
1604 2441 1724 2469 samo

246 2484 386 2531 forem
419 2497 491 2534 ας).
513 2483 626 2535 Livy
648 2494 730 2524 vn.
755 2485 818 2524 13.
841 2485 880 2529 9,
899 2485 981 2522 etc,

238 2575 332 2620 494
