1747 2912
110 491 134 530 9

85 878 133 916 10

87 1188 131 1226 11

88 1651 136 1691 13

90 2037 139 2076 14

538 201 593 247 L.
646 200 980 247 ANNAEUS
1030 199 1300 247 FLORUS

169 330 387 376 hostium
432 333 570 375 navis
609 329 704 375 hae
742 345 917 390 graves
959 328 1233 390 tardaeque
1271 326 1654 390 conprehende-

169 414 299 454 rent.
375 407 550 468 Longe
575 406 672 452 illis
708 409 939 452 nauticae
975 413 1126 462 artes,
1152 405 1454 467 detorquere
1491 421 1653 451 remos

173 490 225 531 et
272 484 514 530 ludificari
563 484 682 546 fuga
728 490 900 529 rostra.
999 483 1222 529 Iniectae
1272 486 1407 528 enim
1461 482 1653 529 ferreae

171 578 346 607 manus
370 561 734 623 machinaeque
759 560 969 618 validae,
994 567 1114 607 ante
1139 566 1399 606 certamen
1433 559 1653 606 multum

171 640 232 684 ab
271 638 416 685 hoste
455 639 666 696 derisae,
708 642 968 700 coactique
1006 637 1178 684 hostes
1219 640 1358 699 quasi
1405 640 1459 682 in
1499 637 1657 683 solido

171 715 457 762 decernere.
535 716 705 762 Victor
752 732 872 777 ergo
919 715 1054 777 apud
1104 715 1307 776 Liparas
1355 730 1518 760 mersa
1570 721 1657 760 aut

168 793 341 855 fugata
377 793 598 839 hostium
634 792 789 839 classe
814 797 1030 854 primum
1054 792 1197 837 illum
1221 795 1527 838 maritimum
1552 795 1659 853 egit

172 870 496 932 triumphum.
572 870 721 916 Cuius
747 870 881 932 quod
906 869 1145 932 gaudium
1171 869 1285 926 fuit,
1310 886 1422 915 cum
1441 868 1658 915 Duillius

169 951 458 1010 imperator,
495 964 597 993 non
635 954 905 994 contentus
941 951 1087 993 unius
1124 947 1225 993 diei
1261 946 1533 1008 triumpho,
1569 963 1660 1008 per

172 1029 324 1071 vitam
361 1041 578 1082 ornnem,
605 1026 690 1071 ubi
714 1042 743 1070 a
767 1041 892 1071 cena
917 1024 1123 1081 rediret,
1148 1023 1438 1086 praelucere
1471 1022 1660 1070 funalia

169 1110 222 1149 et
292 1106 583 1164 praecinere
655 1104 747 1148 sibi
818 1104 965 1149 tibias
1036 1105 1196 1159 iussit,
1266 1104 1405 1164 quasi
1475 1101 1659 1148 cotidie

171 1179 522 1241 triumpharet.
634 1179 756 1226 Prae
834 1186 978 1226 tanta
1046 1178 1193 1225 huius
1271 1181 1479 1225 victoria
1550 1178 1661 1225 leve

172 1256 450 1303 damnuml
498 1257 595 1303 fuit
643 1257 771 1303 alter
830 1256 1091 1303 consulum
1143 1259 1458 1318 interceptus
1505 1256 1662 1302 Asina

174 1334 448 1391 Cornelius,
475 1338 561 1396 qui
597 1334 830 1381 simulato
855 1334 1102 1396 colloquio
1127 1340 1362 1380 evocatus
1398 1340 1552 1395 atque
1588 1336 1659 1379 ita

172 1428 451 1473 oppressus,
478 1411 575 1457 fuit
599 1411 838 1473 perfidiae
868 1412 1083 1458 Punicae
1109 1411 1485 1457 documentum.

242 1488 469 1535 Calatino
505 1489 752 1535 dictatore
778 1489 885 1535 fere
910 1493 1076 1535 omnia
1100 1488 1349 1551 praesidia
1377 1488 1659 1535 Poenorum

175 1568 477 1628 Agrigento,
507 1565 769 1628 Drepanis,
809 1566 1105 1623 Panhormo,
1134 1566 1294 1629 Eryce
1321 1564 1661 1628 Lilybaeoque

175 1644 408 1690 detraxit.
467 1643 796 1705 Trepidatum
813 1650 890 1690 est
909 1643 1067 1690 semel
1085 1647 1213 1689 circa
1234 1643 1664 1689 Camerinensium

173 1721 373 1777 saltum,
398 1721 487 1767 sed
513 1725 694 1767 eximia
719 1725 906 1768 virtute
934 1721 1172 1783 Calpurni
1192 1721 1446 1767 Flammae
1470 1721 1661 1767 tribuni

174 1799 392 1845 militum
443 1802 701 1845 evasimus.
793 1797 893 1856 Qui
940 1799 1074 1845 lecta
1118 1805 1463 1845 trecentorum
1512 1814 1663 1843 manu

176 1879 419 1922 insessum
480 1876 542 1921 ab
592 1875 818 1922 hostibus
873 1876 1127 1922 tumulum
1184 1878 1447 1937 occupavit
1509 1881 1662 1937 atque

175 1959 395 1998 moratus
432 1952 603 1999 hostes
640 1952 757 2011 est,2
781 1953 902 1999 dum
936 1956 1186 2000 exercitus
1222 1955 1383 1999 omnis
1408 1952 1659 1999 evaderet.

178 2031 252 2075 Ac
277 2034 345 2076 sic
370 2029 707 2092 pulcherrimo
744 2034 884 2077 exitu
921 2030 1373 2092 Thermopylarum
1398 2036 1452 2076 et
1478 2028 1659 2076 Leoni-

175 2107 270 2153 dae
307 2107 490 2153 famam
528 2107 844 2170 adaequavit,
881 2107 975 2154 hoc
1010 2108 1267 2154 inlustrior
1302 2113 1490 2164 noster,
1527 2106 1662 2170 quod

317 2234 331 2258 ¹
360 2234 455 2273 leve
473 2233 678 2273 damnum
698 2251 707 2274 ι
737 2235 833 2275 leve
853 2234 983 2274 huius
1004 2234 1159 2287 proelii
1179 2234 1389 2274 damnum
1408 2234 1518 2275 codd.

318 2287 333 2311 ²
362 2294 429 2328 est
449 2290 545 2327 add.
561 2289 757 2329 Iahnius.

230 2436 243 2459 ¹
273 2449 401 2476 remos
430 2441 657 2486 retorquere
686 2436 722 2475 is
753 2436 828 2476 the
849 2449 1100 2476 manoeuvre
1129 2436 1174 2475 of
1203 2437 1422 2489 sweeping
1442 2448 1567 2488 away
1587 2437 1663 2476 the

173 2503 270 2529 oars
298 2489 357 2541 by
383 2489 595 2541 brushing
627 2491 800 2542 against
829 2491 906 2530 the
935 2491 1125 2543 enemy's
1145 2490 1270 2542 ship;
1301 2502 1365 2543 cp.
1394 2489 1545 2543 Polyb.
1571 2491 1656 2531 xvi.

172 2547 212 2589 4,
236 2545 299 2592 14,
321 2545 495 2594 ταρσοὺς
515 2546 769 2596 παρασύρειν.

179 2621 241 2666 80
