1802 2942
639 111 1033 162 CORNELIUS
1079 110 1299 160 NEPOS

215 261 330 291 cum
364 246 416 289 in
452 242 858 304 Peloponnesum
893 243 1174 287 exercitum
1208 239 1438 286 duxisset
1471 238 1710 287 adversus

218 310 647 357 Lacedaemonios
693 308 1012 370 haberetque
1058 306 1277 370 collegas
1316 307 1459 362 duos,
1496 308 1710 370 quorum

217 378 347 424 alter
371 384 482 424 erat
505 376 790 438 Pelopidas,
813 377 887 423 vir
910 374 1054 421 fortis
1079 391 1137 421 ac
1158 381 1411 420 strenuus.

281 444 349 490 Hi
415 461 531 490 cum
596 443 886 489 criminibus
952 441 1352 488 adversariorum
1417 456 1592 487 omnes
1656 442 1710 486 in

216 511 457 558 invidiam
504 514 762 556 venissent
808 510 874 556 ob
921 524 1138 571 eamque
1184 524 1293 554 rem
1338 510 1607 569 imperium
1651 509 1711 554 iis

218 585 355 625 esset
378 579 681 640 abrogatum
705 584 861 639 atque
884 578 936 622 in
961 592 1135 622 eorum
1156 575 1323 621 locum
1346 574 1429 620 alii
1450 581 1712 636 praetores

166 653 192 690 4
215 648 590 700 successissent,
626 643 1003 706 Epaminondas
1038 642 1212 705 populi
1247 645 1373 689 scito
1407 658 1509 688 non
1542 644 1714 704 paruit

217 713 456 775 idemque
503 719 563 758 ut
608 710 839 757 facerent
876 713 1129 772 persuasit
1167 708 1390 771 collegis,
1430 715 1484 755 et
1521 708 1713 755 bellum

218 780 355 842 quod
397 785 691 840 susceperat
733 781 907 841 gessit.
976 777 1211 839 Namque
1254 776 1715 832 animadvertebat,

217 849 312 892 nisi
341 846 393 893 id
422 845 646 901 fecisset,
674 852 844 892 totum
874 847 1156 891 exercitum
1184 850 1393 905 propter
1420 850 1715 905 praetorum

166 923 191 961 5
214 913 611 976 imprudentiam
665 915 1020 974 inscitiamque
1075 910 1196 957 belli
1236 913 1536 973 periturum.
1604 909 1715 956 Lex

219 988 331 1027 erat
356 980 562 1036 Thebis,
590 996 722 1042 quae
748 986 914 1025 morte
940 977 1214 1033 multabat,
1241 980 1282 1023 si
1309 980 1420 1040 quis
1446 980 1716 1039 imperium

218 1049 408 1095 diutius
461 1050 758 1093 retinuisset
810 1063 964 1109 quam
1016 1045 1132 1108 lege
1185 1044 1512 1106 praefinitum
1562 1043 1715 1091 foret.

219 1114 366 1161 Hanc
400 1114 779 1176 Epaminondas
815 1130 930 1159 cum
964 1115 1037 1159 rei
1072 1111 1306 1174 publicae
1340 1111 1716 1158 conservandae

219 1199 371 1228 causa
393 1181 552 1228 latam
576 1181 792 1236 videret,
818 1180 883 1226 ad
906 1182 1183 1242 perniciem
1216 1181 1436 1225 civitatis
1460 1177 1677 1225 conferri
1694 1178 1717 1210 1

219 1249 382 1296 noluit
419 1256 473 1295 et
510 1255 754 1311 quattuor
788 1248 1048 1294 mensibus
1084 1247 1274 1293 diutius
1312 1262 1466 1309 quam
1500 1245 1717 1308 populus

218 1319 435 1363 iusserat
458 1319 618 1378 gessit
639 1318 924 1377 imperium.

286 1382 333 1433 8.
372 1382 650 1445 Postquam
692 1383 899 1428 domum
939 1381 1162 1428 reditum
1204 1387 1300 1435 est,
1343 1379 1568 1443 collegae
1609 1382 1716 1426 eius

221 1449 315 1496 hoc
349 1453 557 1496 crimine
593 1450 976 1495 accusabantur.
1045 1447 1241 1506 Quibus
1275 1447 1360 1493 ille
1394 1449 1625 1509 permisit
1658 1454 1718 1494 ut

221 1533 425 1564 omnem
474 1533 679 1563 causam
727 1519 780 1562 in
829 1532 884 1562 se
934 1513 1272 1562 transferrent
1320 1530 1514 1577 suaque
1562 1530 1719 1576 opera

221 1583 414 1630 factum
449 1584 838 1639 contenderent,
862 1589 921 1629 ut
957 1582 1059 1645 legi
1094 1599 1196 1629 non
1219 1581 1536 1628 oboedirent.
1603 1581 1720 1640 Qua

221 1650 517 1698 defensione
534 1651 628 1697 illis
645 1650 868 1713 periculo
883 1649 1130 1704 liberatis,
1145 1665 1296 1695 nemo
1312 1648 1718 1710 Epaminondam

221 1735 579 1781 responsurum
598 1719 834 1779 putabat,
855 1717 992 1779 quod
1011 1716 1134 1779 quid
1153 1717 1348 1763 diceret
1365 1732 1466 1762 non
1484 1714 1717 1762 haberet.

171 1792 196 1829 2
219 1786 291 1832 At
322 1785 406 1832 ille
438 1788 490 1831 in
521 1785 762 1831 iudicium
794 1787 952 1839 venit,
984 1782 1108 1829 nihil
1141 1799 1315 1829 eorum
1346 1785 1555 1846 negavit
1586 1798 1718 1845 quae

223 1853 495 1899 adversarii
543 1855 737 1898 crimini
773 1852 984 1906 dabant,
1019 1853 1290 1913 omniaque
1326 1866 1458 1912 quae
1491 1849 1719 1913 collegae

222 1920 459 1967 dixerant
506 1918 763 1965 confessus
812 1925 892 1965 est
938 1934 1106 1981 neque
1153 1920 1406 1964 recusavit
1452 1920 1719 1980 quominus

222 1986 348 2050 legis
395 2003 613 2049 poenam
646 1987 869 2040 subiret;
919 1985 1011 2032 sed
1044 2002 1201 2031 unum
1235 1985 1300 2031 ab
1334 1987 1392 2031 iis
1424 1986 1627 2047 petivit,
1660 1990 1721 2031 ut

223 2057 275 2100 in
299 2053 522 2117 periculo
543 2055 562 2084 2
588 2070 678 2100 suo
703 2053 1065 2099 inscriberent:

284 2154 301 2179 ¹
330 2154 529 2201 conferri,
552 2153 700 2200 Fleck3
732 2153 940 2199 conferre,
964 2151 1097 2192 MSS.

225 2208 533 2312 ngrffargiffio’
563 2207 616 2246 M
618 2206 697 2246 SS.
711 2221 722 2253 ;
763 2206 973 2259 sepulcro,
998 2204 1136 2245 Aldus
1160 2209 1195 2245 et
1218 2217 1300 2246 exc.
1325 2204 1444 2252 Pat.;
1485 2203 1721 2252 breviculo,

287 2370 304 2394 1
334 2370 417 2408 For
433 2369 520 2408 this
536 2370 736 2420 meaning
753 2368 797 2408 of
812 2367 1043 2419 periculum
1058 2380 1126 2407 see
1142 2366 1227 2407 Cic.
1252 2366 1363 2407 Verr.
1379 2367 1442 2406 iii.
1463 2368 1554 2413 183,
1571 2379 1719 2406 eorum

230 2423 454 2484 hominum
490 2422 589 2462 fidei
627 2422 801 2462 tabulae
840 2421 1036 2475 publicae
1074 2421 1346 2473 periculaque
1385 2421 1719 2472 magistratuum

231 2481 576 2517 committuntur.

226 2559 317 2607 544
