1802 2942
615 173 1010 222 CORNELIUS
1059 174 1281 222 NEPOS

150 311 176 349 5
201 301 462 348 desierunt
502 317 559 347 ac
598 317 653 348 se
693 301 757 348 de
799 317 860 347 ea
897 317 953 347 re
991 301 1188 365 legatos
1230 302 1296 348 ad
1335 317 1420 348 eos
1459 304 1697 349 missuros

204 369 458 415 dixerunt.
528 367 675 414 Hanc
716 368 1029 431 legationem
1071 372 1294 430 suscepit
1335 368 1699 416 Themistocles

205 442 259 482 et
290 435 422 482 solus
454 438 616 497 primo
649 434 906 497 profectus
940 442 1047 489 est3
1095 435 1277 498 reliqui
1307 434 1466 498 legati
1498 443 1557 483 ut
1587 442 1700 482 tum

205 505 422 558 exirent,
458 518 573 548 cum
608 505 729 548 satis
767 502 856 548 alti
891 502 1084 548 tuendo
1118 505 1248 548 muri
1285 506 1530 549 exstructi
1563 503 1701 549 vide-

202 570 421 624 rentur,1
444 572 734 631 praecepit:
775 572 981 615 interim
1005 585 1198 624 omnes,
1222 572 1352 615 servi
1377 576 1533 632 atque
1555 569 1701 616 liberi

204 652 330 698 opus
366 635 596 683 facerent
630 652 798 698 neque
834 636 922 682 ulli
956 636 1065 682 loco
1100 643 1386 698 parcerent,
1422 640 1526 682 sive
1561 653 1703 683 sacer

203 706 307 749 sive
341 706 566 765 privatus
603 710 738 749 esset
772 705 876 749 sive
910 703 1180 765 publicus,2
1216 710 1270 750 et
1303 703 1530 766 undique
1564 703 1702 766 quod

203 770 443 816 idoneum
465 770 530 816 ad
549 770 882 816 muniendum
901 777 1146 832 putarent
1166 778 1517 833 congererent.
1586 770 1701 829 Quo

205 836 399 882 factum
464 843 543 883 est
606 844 665 883 ut
729 836 1121 884 Atheniensium
1184 841 1316 883 muri
1380 854 1444 884 ex
1508 837 1702 884 sacellis

205 904 549 966 sepulcrisque
577 910 884 950 constarent.

269 970 316 1020 ’7.
353 970 717 1017 Tbemistocles
757 978 932 1017 autem
969 977 1029 1017 ut
1067 970 1508 1018 Lacedaemonem
1544 973 1702 1027 venit,

207 1037 346 1084 adire
396 1038 461 1084 ad
507 1041 836 1101 magistratus
885 1037 1048 1084 noluit
1097 1045 1151 1084 et
1198 1038 1343 1085 dedit
1390 1054 1598 1100 operam
1643 1045 1704 1085 ut

207 1121 360 1167 quam
411 1105 701 1168 longissime
754 1112 958 1167 tempus
1011 1105 1240 1161 duceret,
1293 1121 1498 1152 causam
1547 1108 1704 1152 inter-

154 1177 179 1215 2
202 1188 395 1234 ponens
430 1188 484 1218 se
517 1172 735 1235 collegas
772 1179 1085 1234 exspectare.
1156 1172 1284 1219 Cum
1312 1172 1704 1219 Lacedaemonii

208 1245 545 1302 quererentur
572 1256 696 1301 opus
724 1238 879 1286 nihilo
905 1242 1070 1286 minus
1099 1239 1207 1285 fieri
1236 1256 1456 1302 eumque
1482 1243 1535 1285 in
1563 1256 1624 1286 ea
1648 1256 1704 1286 re

206 1309 376 1352 conari
410 1304 603 1361 fallere,
636 1309 842 1353 interim
874 1306 1055 1369 reliqui
1086 1306 1246 1370 legati
1279 1314 1398 1353 sunt
1430 1309 1703 1354 consecuti.

207 1373 255 1419 A
313 1373 494 1435 quibus
552 1390 667 1420 cum
726 1374 952 1420 audisset
1007 1390 1109 1419 non
1164 1373 1384 1420 multum
1440 1390 1703 1436 superesse

206 1443 519 1495 munitionis,
560 1441 625 1487 ad
665 1439 877 1502 ephoros
920 1440 1438 1487 Lacedaemoniorum
1479 1444 1705 1497 accessit,

207 1523 365 1570 penes
393 1524 517 1569 quos
544 1524 798 1554 summum
825 1514 937 1554 erat
961 1510 1247 1570 imperium,
1275 1515 1431 1571 atque
1459 1509 1596 1571 apud
1621 1525 1705 1556 eos

209 1574 475 1621 contendit
502 1573 630 1621 falsa
656 1578 715 1621 115
746 1590 856 1621 esse
886 1574 1085 1621 delata:
1133 1591 1234 1637 qua
1260 1591 1316 1621 re
1346 1591 1567 1638 aequum
1596 1592 1706 1623 esse

208 1641 316 1687 illos
365 1644 494 1687 viros
542 1642 700 1688 bonos
749 1641 1046 1704 nobilesque
1093 1645 1302 1688 mittere
1351 1644 1532 1705 quibus
1581 1643 1707 1690 fides

208 1707 502 1764 haberetur,
530 1712 616 1772 qui
641 1725 750 1755 rem
778 1709 1130 1771 explorarent3
1174 1712 1373 1755 interea
1398 1726 1452 1756 se
1479 1710 1707 1757 obsidem

157 1782 183 1822 3
206 1778 504 1822 retinerent.
575 1775 763 1822 Gestus
793 1783 872 1822 est
900 1779 946 1822 ei
972 1792 1098 1831 mos,
1125 1782 1333 1839 tresque
1359 1776 1519 1841 legati
1545 1776 1707 1824 functi

210 1845 417 1889 summis
465 1842 737 1889 honoribus
786 1842 1017 1889 Athenas
1065 1846 1203 1889 missi
1251 1851 1385 1890 sunt.
1455 1844 1583 1890 Cum
1630 1843 1706 1891 his

210 1909 429 1972 collegas
477 1926 591 1956 suos
638 1909 1003 1956 Themistocles
1056 1913 1202 1957 iussit
1250 1910 1495 1972 proficisci
1545 1914 1707 1974 iisque

210 1977 466 2038 praedixit
518 1983 577 2023 ut
629 1993 695 2023 ne
747 1980 884 2039 prius
939 1977 1458 2024 Lacedaemoniorum
1509 1977 1707 2042 legatos

211 2043 533 2090 dimitterent
560 2060 714 2106 quam
739 2047 848 2107 ipse
877 2051 1013 2091 esset
1037 2047 1289 2091 remissus.

266 2154 282 2178 1
312 2155 421 2194 satis
455 2185 462 2193 .
498 2185 506 2193 .
541 2186 549 2194 .
582 2155 851 2202 viderentur,
890 2155 1166 2206 Heerwaqem
1210 2156 1319 2195 satis
1361 2155 1553 2196 altitudo
1595 2157 1708 2197 muri

207 2212 414 2248 extructa
436 2209 675 2254 videretur,
699 2208 834 2247 MSS.

274 2262 290 2286 ²
319 2263 410 2301 sive
425 2274 547 2301 sacer
561 2263 652 2301 sive
669 2263 920 2313 prophanus
936 2262 1028 2302 sive
1043 2263 1243 2314 privatus
1258 2265 1373 2302 esset
1387 2263 1479 2302 sive
1493 2239 1708 2315 publicus,

219 2314 273 2354 M
292 2316 379 2354 and
399 2329 510 2355 some
530 2315 707 2367 inferior
728 2315 862 2355 MSS.

268 2421 286 2447 ²
315 2422 440 2462 Sacer
468 2423 504 2462 15
543 2423 796 2462 contrasted
826 2423 933 2462 with
964 2423 1155 2474 privatus
1185 2424 1272 2462 and
1303 2423 1497 2474 publicus
1527 2426 1593 2475 (=
1612 2437 1707 2475 pro-

205 2475 375 2527 fanus),
401 2476 482 2515 but
506 2476 693 2527 perhaps
723 2477 799 2516 the
826 2477 1006 2528 reading
1031 2477 1076 2516 of
1101 2477 1195 2517 cod.
1221 2477 1267 2516 M
1293 2479 1379 2528 (see
1405 2478 1500 2518 crit.
1525 2480 1684 2530 notem

210 2530 350 2580 right;
390 2530 445 2569 cf.
470 2529 556 2570 Cic
588 2530 700 2571 Verr.
724 2531 782 2570 iv.
808 2531 833 2569 2
855 2531 944 2570 and
967 2544 1009 2571 v.
1036 2532 1074 2572 1.

219 2607 310 2667 398
