1747 2912
527 114 584 161 L.
636 113 970 160 ANNAEUS
1020 113 1289 161 FLORUS

167 261 319 290 manu
345 243 542 306 depulit
567 245 756 300 rostris,
780 242 1007 305 adeoque
1031 247 1287 304 praesenti
1311 249 1453 290 metu
1477 247 1653 290 mortis

110 349 135 388 6
171 345 434 399 exterruit,
458 348 515 387 ut
539 341 771 387 abdicare
798 356 849 386 se
887 343 1184 402 magistratu
1219 347 1498 402 cogeretur.
1573 341 1656 388 Sic

168 443 395 485 triumvir
415 445 611 485 creatus
637 437 922 484 dividendis
938 441 1084 499 agris,
1105 454 1219 483 cum
1235 437 1298 483 ad
1317 439 1657 500 perpetranda

169 544 348 599 coepta
395 536 477 582 die
533 539 848 582 comitiorum
896 538 1151 597 prorogari
1211 536 1303 582 sibi
1351 536 1507 583 vellet
1564 540 1655 583 im-

167 628 380 687 perium,
423 625 567 669 obvia
614 623 849 669 nobilitas
897 639 1048 668 manu
1100 639 1289 680 eorum,
1344 639 1467 686 quos
1521 628 1656 686 agris

115 730 137 770 7
174 729 411 768 moverat.
510 721 700 767 Caedes
759 738 787 766 a
843 720 952 765 foro
1003 724 1199 782 coepit3
1254 720 1373 767 inde
1432 738 1546 767 cum
1604 725 1657 767 in

170 819 471 882 Capitolium
514 818 821 880 profugisset
862 818 1166 880 plebemque
1206 818 1270 864 ad
1309 817 1657 865 defensionem

169 921 342 968 salutis
384 937 501 967 suae
539 937 692 966 manu
731 926 883 981 caput
920 926 1137 981 tangens
1177 918 1480 977 hortaretur,
1516 937 1658 982 prae-

169 1020 280 1066 buit
327 1021 548 1080 speciem
595 1033 809 1079 regnum
857 1017 950 1063 sibi
1000 1023 1054 1063 et
1100 1016 1333 1063 diadema
1386 1021 1659 1079 poscentis,

169 1124 322 1179 atque
360 1120 432 1162 ita
469 1115 598 1161 duce
640 1114 873 1177 Scipione
914 1115 1110 1171 Nasica,
1144 1118 1395 1162 concitato
1433 1119 1485 1161 in
1521 1133 1657 1162 arma
1735 1169 1743 1175 ⁵

173 1214 377 1278 populo,
402 1217 540 1277 quasi
567 1217 674 1260 iure
701 1229 966 1275 oppressus
994 1219 1088 1262 est.

571 1529 664 1575 III.
713 1529 917 1576 Ssnrrxo
944 1529 992 1574 C.
1025 1528 1253 1574 GRAccm

83 1656 155 1699 111,
172 1640 230 1688 15
270 1638 459 1685 STATIM
487 1645 539 1685 et
564 1641 737 1683 mortis
764 1643 817 1683 et
841 1637 1014 1698 legum
1037 1635 1205 1682 fratris
1231 1639 1307 1682 sui
1331 1635 1517 1682 vindex
1554 1652 1658 1682 non

108 1746 132 1784 2
169 1742 363 1784 minore
411 1740 605 1798 impetu
653 1735 862 1781 incaluit
910 1734 959 1780 C.
1013 1734 1280 1780 Gracchus.
1390 1732 1490 1791 Qui
1542 1726 1657 1780 cum

168 1839 274 1898 pari
309 1834 531 1881 tumultu
570 1840 722 1895 atque
759 1839 949 1879 terrore
991 1832 1194 1894 plebem
1230 1835 1283 1877 in
1315 1835 1473 1879 avitos
1509 1849 1654 1895 agros

169 1939 460 1989 arcesseret,
501 1938 555 1978 et
594 1937 854 1977 recentem
895 1930 1056 1976 Attali
1096 1929 1436 1976 hereditatem
1475 1933 1527 1975 in
1565 1930 1654 1976 ali-

112 2040 137 2080 3
173 2037 347 2077 menta
392 2029 577 2091 populo
626 2028 963 2090 polliceretur,
1003 2031 1201 2090 iamque
1244 2030 1426 2073 nimius
1474 2034 1529 2074 et
1582 2031 1655 2074 in-

169 2125 391 2191 potens1
432 2128 592 2173 altero
639 2127 899 2172 tribunatu
949 2125 1169 2172 secunda
1217 2125 1366 2187 plebe
1405 2125 1656 2183 volitaret,

110 2236 136 2272 4
173 2228 413 2288 obrogare
433 2225 452 2254 2
489 2240 608 2270 auso
643 2224 840 2286 legibus
878 2226 976 2270 suis
1003 2223 1227 2269 Minucio
1251 2223 1470 2280 tribuno,
1496 2222 1655 2270 fretus

480 2373 495 2398 1
524 2373 728 2426 inpotens
748 2373 977 2412 Heinsius:
1007 2376 1164 2424 potens
1183 2372 1294 2412 codd.

480 2427 496 2452 ²
526 2428 736 2480 obrogare
765 2427 804 2466 V
801 2429 963 2466 inatus:
995 2425 1204 2478 abrogare
1223 2426 1334 2466 codd.

171 2542 264 2585 224
