1802 2942
633 122 1027 171 CORNELIUS
1072 123 1293 172 NEPOS

209 258 239 280 “
263 254 391 306 vixi;
430 254 645 298 invictus
670 255 804 298 enim
826 250 1063 298 morior.’'
1129 251 1277 308 Tum,
1299 251 1432 299 ferro
1455 259 1703 309 extracto,

209 327 477 375 confestim
505 332 824 375 exanimatus
853 336 947 376 est.

280 405 360 455 10.
399 406 495 452 Hic
519 423 731 452 uxorem
754 423 1033 469 numquam
1051 407 1214 453 duxit.
1265 406 1325 453 In
1341 424 1441 470 quo
1459 421 1575 454 cum
1590 424 1704 470 rep-

208 483 578 530 rehenderetur
635 500 664 530 a
718 483 978 546 Pelopida,
1025 487 1111 549 qui
1157 484 1315 531 filium
1360 484 1587 532 habebat
1629 488 1705 532 in-

213 560 421 616 famem,
439 561 676 625 maleque
698 578 813 608 eum
832 564 884 607 in
905 578 964 608 eo
989 564 1186 624 patriae
1206 562 1467 609 consulere
1492 562 1705 619 diceret,

211 639 347 702 quod
377 638 560 685 liberos
593 656 695 685 non
728 639 1084 702 relinqueret‚1
1118 639 1146 655 “
1170 639 1353 696 Vide,''
1375 643 1561 703 inquit,
1585 639 1615 656 ‘¹
1636 657 1704 687 ne

208 723 268 763 tu
295 719 440 779 peius
471 716 718 772 consulas,
749 719 835 779 qui
864 716 1023 763 talem
1053 733 1117 763 ex
1146 724 1201 763 te
1231 723 1411 763 natum
1439 716 1705 765 relicturus

161 800 184 837 2
208 797 288 840 sis.
358 793 540 856 Neque
566 811 684 840 vero
711 797 861 856 stirps
887 801 1062 856 potest
1084 793 1208 840 mihi
1234 794 1442 850 deesse3
1483 811 1705 858 namque

211 888 274 918 ex
313 888 396 918 me
437 878 615 917 natam
655 871 885 934 relinquo
927 888 1153 935 pugnam
1195 871 1533 928 Leuctricam,
1573 889 1706 936 quae

209 967 311 996 non
343 949 495 996 modo
528 948 652 995 mihi
685 956 961 1011 superstes,
995 949 1086 996 sed
1120 952 1277 996 etiam
1310 949 1607 996 immortalis
1639 953 1706 997 sit

161 1035 186 1074 3
207 1043 414 1074 necesse
450 1025 582 1073 est.''
649 1026 762 1085 Quo
797 1034 1029 1088 tempore
1064 1027 1192 1073 duce
1228 1026 1472 1089 Pelopida
1506 1027 1705 1074 exsules

209 1104 409 1151 Thebas
436 1111 747 1166 occuparunt
774 1111 827 1150 et
852 1105 1161 1166 praesidium
1188 1104 1705 1152 Lacedaemoniorum

213 1199 276 1228 ex
314 1198 427 1228 arce
467 1181 790 1244 expulerunt,
824 1182 1220 1244 Epaminondas,
1257 1199 1411 1244 quam
1447 1182 1534 1229 diu
1569 1181 1707 1230 facta

213 1267 291 1306 est
309 1260 491 1307 caedes
511 1262 711 1314 civium,
731 1260 880 1306 domo
906 1276 960 1305 se
986 1262 1172 1315 tenuit,
1192 1260 1329 1322 quod
1352 1276 1521 1322 neque
1543 1259 1702 1307 malos

211 1336 488 1384 defendere
544 1336 749 1383 volebat
804 1353 972 1399 neque
1028 1340 1347 1400 impugnare,
1402 1353 1468 1383 ne
1523 1354 1704 1385 manus

210 1432 414 1462 suorum
432 1418 677 1478 sanguine
694 1421 989 1461 cruentaret
1005 1429 1016 1469 ;
1050 1431 1272 1477 namque
1289 1431 1493 1461 omnem
1509 1415 1706 1462 civilem

210 1496 471 1539 victoriam
497 1491 754 1538 funestam
780 1492 1014 1554 putabat.
1083 1491 1247 1548 Idem,
1272 1499 1545 1555 postquam
1571 1493 1707 1555 apud

212 1571 489 1617 Cadmeam
503 1571 523 1600 2
542 1587 657 1616 cum
676 1569 1092 1616 Lacedaemoniis
1110 1572 1327 1633 pugnari
1345 1576 1585 1632 coeptum
1609 1577 1707 1628 est,

210 1652 261 1694 in
281 1651 453 1710 primis
475 1651 637 1694 stetit.

162 1735 186 1770 4
274 1725 436 1771 Huius
475 1726 538 1771 de
575 1725 846 1771 virtutibus
883 1727 1090 1787 vitaque
1127 1727 1249 1770 satis
1287 1727 1385 1770 erit
1420 1724 1631 1781 dictum,
1665 1728 1706 1772 si

211 1803 305 1849 hoe
321 1820 477 1848 unum
494 1803 788 1856 adiunxero,
805 1802 941 1864 quod
956 1818 1106 1847 nemo
1122 1802 1218 1847 ibit
1231 1801 1251 1830 3
1267 1801 1455 1848 infitias
1475 1801 1704 1849 :Thebas

213 1888 267 1927 et
323 1887 442 1926 ante
498 1879 904 1941 Epaminondam
958 1885 1138 1925 natum
1194 1885 1248 1925 et
1305 1885 1423 1940 post
1478 1879 1706 1926 eiusdem

210 1961 475 2004 interitum
511 1964 762 2019 perpetuo
800 1956 964 2002 alieno
1000 1958 1227 2018 paruisse
1263 1958 1494 2018 imperio,
1530 1963 1707 2003 contra

213 2052 291 2090 ea,
339 2052 492 2097 quam
540 2035 626 2081 diu
672 2033 756 2081 ille
803 2032 1084 2096 praefuerit
1129 2035 1204 2079 rei
1251 2032 1502 2095 publicae,
1550 2041 1706 2095 caput

211 2112 365 2158 fuisse
419 2115 576 2158 totius
632 2111 893 2158 Graeciae.
961 2111 1040 2156 Ex
1095 2126 1195 2173 quo
1248 2109 1480 2173 intellegi
1532 2117 1706 2173 potest

212 2207 369 2236 unum
392 2189 650 2236 hominem
672 2188 828 2252 pluris
853 2204 1006 2251 quam
1030 2190 1292 2234 civitatem
1315 2185 1487 2233 fuisse.

279 2317 296 2342 ¹
327 2317 442 2369 quod
480 2317 637 2356 liberos
676 2329 765 2355 non
802 2316 1066 2368 relinqueret
1104 2314 1209 2366 aster
1244 2313 1421 2360 diceret,
1456 2314 1702 2363 Puteanu33

225 2371 757 2471 αρξνῦῗὲῑῖιῗὲἶῗῖἷῗᾶἓζέ
780 2369 1110 2462 ‘gffffssdemiam
1135 2420 1466 2470 (Academiam),
1491 2419 1544 2459 Μ
1546 2419 1627 2460 SS.

281 2479 296 2502 ³
325 2478 422 2524 ibit,
444 2477 565 2525 Can„
586 2477 738 2524 Halm3
774 2478 824 2524 it,
846 2480 912 2524 ut,
932 2475 993 2523 id,
1013 2479 1100 2522 eat,
1121 2474 1254 2515 MSS.

214 2550 303 2611 548
