1747 2912
434 196 490 244 L.
533 198 866 246 ANNAEUS
914 199 1182 247 FLORUS

141 326 393 372 saeculum
430 333 655 373 nostrum
691 327 825 374 haud
857 328 1016 375 multo
1050 333 1215 376 minus
1250 334 1370 376 anni
1397 331 1620 389 ducenti,

142 422 320 483 quibus
379 425 561 468 inertia
621 423 886 469 Caesarum
945 428 1085 486 quasi
1144 428 1408 472 consenuit
1469 431 1622 488 atque

144 515 360 574 decoxit,
419 520 515 563 nisi
573 517 706 579 quod
765 519 856 564 sub
916 518 1127 565 Traiano
1185 523 1411 582 principe
1468 524 1625 568 movit

142 611 354 658 lacertos
393 618 446 658 et
486 619 686 674 praeter
723 629 864 675 spem
901 617 1123 659 omnium
1161 621 1393 661 senectus
1428 617 1623 677 imperii

143 710 282 769 quasi
317 706 515 753 reddita
550 710 815 754 iuventute
853 712 1070 755 reviruit.

90 802 113 849 1
213 801 403 847 Primus
436 801 521 848 ille
557 808 610 847 et
643 803 776 848 urbis
811 810 863 849 et
896 807 1091 865 imperii
1125 803 1354 850 conditor
1389 804 1626 852 Romulus

87 903 111 941 2
142 896 255 953 fuit,
304 896 469 942 Marte
523 900 725 959 genitus
773 904 826 944 et
876 898 1015 944 Rhea
1062 898 1225 946 Silvia.
1301 899 1415 944 Hoc
1461 898 1526 945 de
1574 916 1627 946 se

146 990 375 1037 sacerdos
412 991 617 1053 gravida
653 992 880 1038 confessa
917 1000 1009 1050 est,
1035 1009 1130 1039 nec
1165 1010 1281 1039 mox
1316 992 1448 1039 sama
1483 993 1626 1040 dubi-

144 1090 286 1142 tavit,
322 1102 435 1132 cum
483 1086 678 1133 Amulli
725 1090 856 1149 regis
902 1091 1111 1150 imperio
1158 1091 1371 1134 iactatus
1418 1092 1470 1133 in
1516 1104 1627 1151 pro-

146 1180 387 1228 fluentem
435 1198 548 1228 cum
608 1182 763 1228 Remo
820 1182 974 1229 fratre
1022 1199 1123 1229 non
1169 1186 1336 1244 potuit
1381 1186 1625 1245 extingui.

90 1284 115 1323 3
144 1276 195 1323 Si
231 1275 435 1339 quidem
465 1283 518 1323 et
547 1276 812 1323 Tiberinus
848 1293 1046 1324 amnem
1084 1281 1337 1339 repressit,
1363 1284 1417 1324 et
1440 1276 1629 1325 relictis

146 1371 323 1418 catulis
358 1371 476 1433 lupa
500 1378 672 1418 secuta
698 1375 919 1434 vagitum
948 1373 1072 1419 uber
1095 1371 1318 1418 admovit
1352 1371 1629 1419 infantibus

147 1473 459 1529 matremque
497 1469 615 1528 egit.
689 1465 770 1513 Sic
810 1473 1034 1528 repertos
1073 1466 1207 1529 apud
1244 1468 1472 1513 arborem
1505 1467 1629 1514 Fau-

147 1561 306 1607 stulus
361 1564 488 1622 regii
544 1564 710 1623 gregis
769 1568 938 1623 pastor
991 1561 1112 1608 tulit
1168 1565 1222 1607 in
1268 1578 1431 1608 casam
1478 1568 1630 1625 atque

93 1665 117 1701 4
147 1656 392 1702 educavit.
465 1655 596 1701 Alba
642 1663 751 1702 tum
790 1663 898 1702 erat
945 1655 1091 1703 Latio
1128 1663 1296 1718 caput,
1336 1655 1433 1703 Iuli
1478 1672 1632 1718 opus3

148 1768 263 1796 nam
291 1751 551 1796 Lavinium
577 1755 731 1813 patris
758 1751 964 1797 Aeneae
990 1757 1373 1813 contempserat.
1451 1752 1531 1797 Ab
1555 1751 1632 1798 his

150 1846 399 1892 Amullius
432 1850 530 1892 iam
566 1850 779 1908 septima
812 1846 984 1892 subole
1015 1847 1276 1908 regnabat,
1301 1845 1456 1893 fratre
1489 1846 1633 1909 pulso

93 1950 117 1987 5
152 1941 429 1998 Numitore,
477 1945 615 1987 cuius
665 1957 725 1987 ex
774 1941 872 1986 filia
922 1941 1173 1987 Romulus.
1254 1941 1416 2003 Igitur
1462 1944 1633 1988 statim

150 2039 308 2098 prima
355 2039 631 2082 iuventutis
678 2035 787 2082 face
835 2043 1069 2098 patruum
1109 2037 1173 2081 ab
1219 2052 1332 2082 arce
1379 2035 1632 2092 deturbat,

149 2148 296 2177 avum
339 2134 550 2193 reponit.
625 2131 739 2193 Ipse
783 2130 996 2177 fluminis
1037 2137 1229 2177 amator
1270 2137 1324 2177 et
1369 2134 1632 2188 montium,

151 2226 284 2288 apud
318 2243 440 2288 quos
474 2232 581 2272 erat
623 2226 883 2283 educatus,
918 2229 1116 2272 moenia
1156 2241 1314 2271 novae
1357 2225 1490 2271 urbis
1530 2229 1632 2287 agi-

97 2329 121 2368 6
152 2322 307 2369 tabat.
380 2321 582 2366 Gemini
616 2327 790 2376 erant3
827 2327 941 2367 uter
971 2324 1313 2382 auspicaretur
1338 2326 1391 2365 et
1415 2326 1634 2381 regeret,

560 2556 572 2580 ยน
605 2554 683 2595 See
704 2554 1025 2603 Introduction,
1049 2568 1092 2607 p.
1115 2567 1154 2595 x.
