1802 2942
614 178 1010 228 CORNELIUS
1055 177 1276 226 NEPOS

140 320 165 358 5
188 309 405 365 Elidem,
450 308 570 355 dein
613 307 814 354 Thebas
859 309 1015 353 venit.
1085 304 1363 369 Postquam
1410 312 1586 352 autem
1630 321 1685 352 se

193 380 372 439 capitis
418 376 717 422 damnatum
761 375 905 420 bonis
950 372 1220 435 publicatis
1265 372 1476 428 audivit,
1520 379 1593 429 et,
1635 373 1689 419 id

196 444 333 507 quod
353 460 446 489 usu
466 443 484 472 1
505 449 735 496 venerat,
755 440 1084 503 Eumolpidas
1104 441 1124 470 2
1143 440 1433 487 sacerdotes
1454 456 1484 486 a
1500 439 1688 503 populo

193 518 393 558 coactos
437 517 496 556 ut
538 526 592 556 se
635 509 965 563 devoverent,
1008 511 1220 570 eiusque
1262 507 1545 555 devotionis
1588 523 1689 569 quo

193 581 431 626 testatior
468 584 604 623 esset
638 579 900 631 memoria,
937 575 1230 637 exemplum
1263 578 1317 620 in
1351 574 1455 637 pila
1487 574 1690 636 lapidea

195 649 407 692 incisum
456 661 566 691 esse
612 647 836 706 positum
881 646 935 689 in
980 642 1201 705 publico,
1248 641 1690 689 Lacedaemonem

195 714 515 775 demigravit.

142 790 167 828 6
271 780 366 835 Ibi,
407 786 466 825 ut
504 781 614 840 ipse
651 777 946 839 praedicare
985 782 1272 832 consuerat,
1310 792 1414 823 non
1452 776 1691 823 adversus

195 850 431 910 patriam,
458 846 549 892 sed
572 848 799 891 inimicos
825 861 940 891 suos
965 844 1157 890 bellum
1182 846 1359 907 gessit,
1385 846 1472 906 qui
1489 843 1510 873 3
1535 844 1691 890 iidem

195 915 367 961 hostes
386 919 557 959 essent
571 915 766 959 civitati
782 927 804 967 3-
827 928 947 957 nam
965 928 1080 957 cum
1099 911 1449 974 intelligerent
1467 927 1521 957 se
1537 910 1692 973 pluri-

195 981 583 1044 mumprodesse
592 996 740 1042 posse
756 978 1090 1041 reipublicae,
1103 995 1167 1025 ex
1184 995 1245 1025 ea
1262 978 1691 1041 eiecisseplusque

145 1059 169 1098 7
194 1053 298 1096 irae
332 1065 452 1095 suae
483 1064 637 1110 quam
671 1046 883 1093 utilitati
913 1049 1167 1092 communi
1195 1049 1438 1108 paruisse.
1506 1045 1692 1108 Itaque

194 1116 342 1163 huius
375 1115 578 1162 consilio
612 1114 1004 1161 Lacedaemonii
1035 1130 1151 1160 cum
1183 1112 1337 1159 Perse
1367 1129 1491 1176 rege
1524 1115 1692 1159 amici-

195 1187 322 1231 tiam
352 1181 603 1236 fecerunt,
634 1182 753 1228 dein
785 1181 1062 1227 Deceleam
1093 1184 1145 1226 in
1175 1181 1352 1227 Attica
1380 1183 1691 1236 munierunt,

196 1251 550 1313 praesidioque
566 1250 635 1295 ibi
650 1256 901 1311 perpetuo
917 1251 1100 1311 posito,
1115 1251 1168 1293 in
1183 1248 1444 1294 obsidione
1460 1247 1692 1294 Athenas

195 1324 490 1365 tenuerunt.
559 1316 803 1362 Eiusdem
827 1332 983 1378 opera
1008 1315 1204 1362 Ioniam
1228 1332 1258 1361 a
1282 1318 1529 1361 societate
1554 1330 1693 1361 aver-

195 1392 373 1432 terunt
410 1383 819 1431 Atheniensium.
887 1383 1002 1442 Quo
1038 1381 1176 1430 facto
1211 1382 1374 1429 multo
1410 1385 1692 1445 superiores

196 1453 330 1500 bello
357 1468 466 1498 esse
491 1458 787 1513 coeperunt

260 1518 309 1571 5
346 1519 528 1582 Neque
555 1534 674 1565 vero
702 1517 778 1564 his
805 1518 957 1564 rebus
985 1524 1094 1564 tam
1123 1520 1271 1564 amici
1297 1516 1550 1564 Alcibiadi
1575 1523 1696 1564 sunt

199 1586 321 1634 facti
345 1603 499 1649 quam
522 1589 705 1632 timore
731 1586 795 1632 ab
820 1601 880 1631 eo
905 1585 1140 1640 alienati3
1183 1601 1302 1631 nam
1325 1601 1441 1631 cum
1465 1586 1694 1631 acerrimi

198 1658 289 1700 viri
307 1660 658 1716 praestantem
675 1652 1033 1715 prudentiam
1020 1669 1072 1698 in
1091 1653 1323 1699 omnibus
1341 1653 1493 1698 rebus
1512 1668 1696 1715 cogno-

198 1728 416 1776 scerent,
464 1724 842 1783 pertimuerunt
888 1736 954 1766 ne
1002 1723 1217 1766 caritate
1264 1723 1463 1782 patriae
1511 1720 1695 1766 ductus

199 1789 471 1851 aliquando
498 1788 561 1834 ab
584 1790 703 1850 ipsis
729 1788 1034 1834 descisceret
1059 1794 1113 1833 et
1136 1804 1251 1833 cum
1276 1790 1376 1833 suis
1400 1790 1453 1832 in
1476 1789 1697 1850 gratiam

201 1857 408 1903 rediret.
478 1855 663 1918 Itaque
695 1861 900 1916 tempus
932 1857 1038 1900 eius
1073 1854 1415 1901 interficiundi
1450 1869 1696 1917 quaerere

149 1929 173 1967 2
197 1926 546 1969 instituerunt.
640 1922 701 1969 Id
753 1922 1043 1968 Alcibiades
1062 1921 1083 1950 4
1136 1922 1326 1968 diutius
1385 1921 1537 1968 celari
1594 1937 1697 1968 non

199 1994 397 2054 potuit;
439 1997 549 2036 erat
572 1993 707 2035 enim
730 2005 791 2036 ea
813 1992 1095 2053 sagacitate
1117 1995 1176 2036 ut
1197 1989 1363 2052 decipi
1383 2005 1486 2036 non
1505 1995 1696 2052 posset,

450 2118 467 2143 1
496 2117 614 2168 quod
634 2129 875 2168 numquam
896 2121 1027 2156 antea
1047 2130 1144 2163 usu,
1167 2115 1301 2157 Cobet.

448 2171 464 2250 z
494 2171 1284 2222 yffi
1306 2169 1440 2211 MSS·

449 2279 465 2303 ⁴
494 2238 754 2325 ᾙζῖὴῑείᾱεῖ,
777 2255 949 2325 αεῗςηρν;
987 2255 1218 2325 Alcibiadi}
1259 2276 1394 2317 MSS.

265 2490 281 2514 1
310 2489 470 2529 Priests
488 2488 715 2541 employed
731 2489 778 2528 in
794 2488 869 2528 the
888 2488 1138 2528 Eleusinia-n
1154 2488 1395 2539 mysteries‚
1411 2488 1696 2530 descendants

207 2544 251 2583 of
272 2543 525 2595 Eumolpus,
545 2543 621 2582 the
640 2542 822 2595 reputed
841 2542 1024 2582 founder
1043 2543 1089 2582 of
1106 2541 1181 2582 the
1201 2542 1440 2594 mysteries.

199 2635 287 2678 442
