1747 2912
85 721 132 760 10

86 1183 135 1223 11

88 1415 138 1455 12

91 1880 140 1919 13

93 2186 142 2226 14

532 122 585 169 L.
638 121 972 167 ANNAEUS
1024 121 1292 167 FLORUS

169 253 208 296 si
239 248 359 295 salvi
396 265 504 295 esse
530 248 737 305 vellent,
763 255 821 295 ut
857 252 1133 310 migrarent
1165 248 1346 294 finibus
1369 250 1649 310 imperavit.

170 325 319 383 Quod
343 342 433 388 pro
457 329 531 372 rei
555 329 818 371 atrocitate
854 325 981 371 adeo
1017 328 1174 370 movit
1206 328 1319 381 iras,
1343 331 1402 370 ut
1427 330 1654 371 extrema

168 403 393 449 mallent.
469 403 842 464 Comploratum
867 406 1022 464 igitur
1046 402 1247 463 publice
1273 405 1445 448 statim
1470 407 1524 448 et
1548 404 1654 463 pari

174 497 294 527 voce
333 480 605 526 clamatum
639 487 715 526 est
752 480 861 525 “ad
899 479 1083 537 arma,’'
1123 479 1356 542 seditque
1398 481 1654 525 sententia

170 575 369 622 quoquo
393 558 542 604 modo
567 557 950 612 rebellandum3
986 574 1088 603 non
1122 561 1237 620 quia
1272 561 1371 602 iam
1407 572 1520 618 spes
1553 555 1655 602 ulla

171 642 474 698 superesset,
499 635 587 682 sed
613 639 728 698 quia
764 639 976 696 patriam
1014 651 1153 680 suam
1189 634 1404 681 mallent
1436 634 1653 680 hostium

171 730 321 776 quam
346 717 445 759 suis
469 714 699 758 manibus
726 716 898 758 everti.
975 712 1075 769 Qui
1111 711 1469 758 rebellantium
1502 710 1657 756 fuerit

172 790 324 847 furor,
351 790 432 836 vel
459 789 577 835 hinc
601 789 834 850 intellegi
871 795 1057 851 potest,
1083 788 1218 851 quod
1248 792 1302 834 in
1326 805 1471 835 usum
1496 803 1655 834 novae

171 867 336 913 classis
397 874 536 912 tecta
596 866 835 912 domuum
889 865 1238 922 resciderunt3
1295 869 1348 911 in
1406 881 1655 911 armorum

171 945 375 990 officinis
441 961 615 989 aurum
672 951 726 990 et
782 949 1051 1005 argentum
1105 960 1195 1005 pro
1254 959 1368 989 aere
1421 942 1654 1004 ferroque

172 1022 442 1068 conflatum
484 1028 578 1078 est,
616 1025 669 1066 in
707 1027 1075 1067 tormentorum
1117 1022 1313 1067 vincula
1357 1024 1506 1067 crinis
1543 1036 1656 1066 suos

171 1106 430 1145 matronae
489 1098 831 1145 contulerunt.
926 1098 1162 1144 Mancino
1216 1098 1404 1144 deinde
1451 1097 1656 1144 consule

174 1184 308 1223 terra
355 1180 580 1237 marique
640 1175 870 1222 fervebat
927 1176 1131 1222 obsidio.
1227 1176 1409 1237 Operti
1467 1181 1659 1237 portus,

172 1253 392 1300 nudatus
419 1260 496 1299 est
519 1257 709 1314 primus
735 1259 789 1299 et
814 1269 1046 1315 sequens,
1065 1257 1163 1298 iam
1185 1260 1238 1299 et
1261 1256 1443 1299 tertius
1468 1269 1657 1308 murus,

173 1347 286 1377 cum
333 1337 506 1377 tamen
556 1330 725 1392 Byrsa,
774 1330 909 1393 quod
957 1347 1143 1377 nomen
1199 1334 1300 1376 arci
1354 1330 1468 1386 fuit,
1516 1332 1656 1392 quasi

174 1408 332 1454 altera
371 1411 545 1453 civitas
583 1409 865 1453 resistebat.
940 1407 1179 1465 Quamvis
1221 1407 1484 1470 profligato
1524 1408 1659 1453 urbis

174 1485 368 1532 excidio
426 1492 600 1531 tamen
655 1484 808 1531 fatale
864 1485 1066 1530 Africae
1124 1502 1310 1532 nomen
1369 1484 1659 1547 Scipionum

173 1563 451 1610 videbatur.
527 1562 690 1624 Igitur
715 1566 767 1607 in
792 1562 944 1608 alium
979 1563 1267 1624 Scipionem
1304 1578 1546 1609 conversa
1580 1577 1659 1608 res

173 1641 372 1703 publica
397 1639 549 1686 finem
586 1640 708 1686 belli
742 1641 1053 1701 reposcebat.
1127 1640 1283 1686 Hunc
1319 1640 1472 1686 Paulo
1499 1640 1662 1686 Mace-

175 1718 355 1763 donico
397 1724 716 1779 procreatum
755 1717 982 1762 Africani
1018 1717 1151 1763 illius
1188 1721 1360 1780 magni
1402 1717 1529 1763 filius
1570 1714 1662 1762 in1

175 1795 327 1841 decus
354 1798 521 1856 gentis
547 1795 912 1857 adsumpserat,
933 1795 1027 1840 hoc
1053 1795 1247 1841 scilicet
1271 1795 1392 1852 fato,
1412 1801 1485 1852 ut,
1511 1811 1662 1858 quam

182 1873 356 1918 urbem
384 1879 704 1918 concusserat
728 1889 863 1929 avus,
889 1889 1046 1934 nepos
1077 1876 1184 1919 eius
1218 1879 1485 1919 everteret.
1560 1871 1661 1918 Sed

178 1965 328 2012 quem
372 1949 433 1994 ad
473 1949 680 1995 modum
726 1953 943 1996 maxime
985 1949 1230 1995 mortiferi
1271 1965 1461 1996 morsus
1497 1948 1664 1996 solent

177 2042 285 2072 esse
310 2029 634 2072 morientium
661 2027 950 2084 bestiarum,
976 2030 1046 2073 sic
1072 2027 1183 2088 plus
1208 2030 1402 2089 negotii
1424 2026 1524 2073 fuit
1548 2043 1663 2073 cum

177 2107 416 2150 semiruta
477 2103 782 2165 Carthagine
843 2120 994 2166 quam
1059 2121 1172 2150 cum
1230 2108 1445 2166 integra.
1534 2104 1661 2150 Con-

183 2180 336 2243 pulsis
361 2184 412 2225 in
438 2197 590 2226 unam
614 2197 781 2227 arcem
816 2181 1044 2228 hostibus
1079 2188 1281 2244 portum
1317 2197 1515 2244 quoque
1538 2185 1663 2227 mari

785 2308 800 2334 ¹
830 2309 875 2347 in
895 2321 975 2348 om.
995 2309 1047 2349 B.

235 2455 250 2479 ¹
280 2454 343 2496 Cf.
375 2454 464 2495 Liv.
490 2455 653 2496 XXII.
673 2457 739 2505 53,
763 2459 803 2505 4,
826 2457 1038 2508 desperata
1057 2461 1092 2496 et.
1110 2458 1360 2508 complorata
1377 2458 1598 2509 republica.

184 2548 202 2578 1
216 2533 275 2591 38
