1747 2912
517 97 572 144 L.
623 96 955 144 ANNAEUS
1007 96 1277 144 FLORUS

149 230 388 273 comitum
450 242 603 272 manu
671 225 823 271 fatale
875 224 1094 271 familiae
1153 241 1271 271 suae
1330 224 1630 287 Capitolium

86 303 111 341 5
149 297 343 340 invasit.
420 292 547 339 Inde
582 296 920 354 proximorum
958 292 1112 338 caede
1149 291 1388 353 depulsus
1424 309 1538 338 cum
1580 307 1632 338 se

147 364 198 406 in
225 362 538 406 Aventinum
562 363 853 421 recepisset,
879 358 998 405 inde
1031 374 1231 421 quoque
1256 359 1401 405 obvia
1425 365 1633 406 senatus

90 435 115 473 6
150 444 300 473 manu
326 428 388 472 ab
416 427 620 487 Opimio
644 426 850 472 consule
874 442 1139 487 oppressus
1164 432 1254 472 est.
1330 425 1634 472 Insultatum

147 510 346 556 quoque
371 497 546 540 mortis
571 493 810 556 reliquiis,
837 499 891 539 et
926 493 1052 539 illud
1089 499 1457 539 sacrosanctum
1482 499 1634 555 caput

144 562 336 608 tribuni
359 561 521 623 plebis
547 561 920 623 percussoribus
946 576 1065 606 auro
1089 565 1428 622 repensatum.

553 863 675 910 IIII.
716 862 919 910 SEDITlo
943 862 1231 908 APVLmANA

61 963 208 1020 111,16
248 962 434 1008 N1H1Lo
476 965 641 1007 minus
691 961 936 1023 Apuleius
976 960 1273 1007 Saturninus
1317 959 1634 1007 Gracchanas

151 1030 385 1076 adserere
437 1028 578 1090 leges
626 1044 728 1074 non
776 1028 989 1074 destitit.
1085 1027 1306 1073 Tantum
1356 1030 1637 1073 animorum

152 1101 256 1142 viro
285 1097 471 1142 Marius
495 1095 665 1152 dabat,
694 1093 820 1160 [qui]
838 1094 857 1124 1
882 1095 1135 1141 nobilitati
1159 1110 1360 1155 semper
1391 1097 1637 1151 inimicus,

152 1164 415 1210 consulatu
468 1179 556 1209 suo
615 1169 877 1224 praeterea
925 1161 1149 1207 confisus.
1243 1161 1422 1207 Occiso
1469 1161 1636 1222 palam

153 1234 366 1277 comitiis
395 1232 451 1275 A.
488 1230 677 1275 Ninnio
701 1232 1017 1290 conpetitore
1041 1230 1342 1285 tribunatus,
1368 1229 1637 1290 subrogare

152 1304 360 1345 conatus
401 1303 478 1343 est
519 1300 572 1342 in
609 1300 714 1343 eius
752 1296 918 1342 locum
955 1296 1008 1344 C.
1041 1295 1342 1352 Gracchum,
1377 1295 1635 1342 hominem

152 1370 259 1411 sine
299 1365 450 1421 tribu,
494 1367 601 1410 sine
649 1370 843 1420 notore,
885 1367 992 1409 sine
1031 1366 1267 1418 nomine3
1304 1362 1394 1409 sed
1436 1362 1638 1409 subdito

88 1441 111 1478 2
150 1432 299 1478 titulo
349 1435 401 1476 in
447 1430 688 1476 familiam
741 1434 848 1492 ipse
903 1447 955 1476 se
1003 1429 1289 1492 adoptabat.
1378 1429 1504 1475 Cum
1559 1436 1637 1476 tot

152 1502 408 1560 tantisque
490 1498 719 1544 ludibriis
803 1497 1056 1544 exultaret
1125 1500 1332 1559 inpune,
1402 1496 1636 1558 rogandis

154 1566 494 1612 Gracchorum
546 1565 744 1626 legibus
797 1568 868 1611 ita
915 1564 1246 1611 vehementer
1299 1564 1546 1620 incubuit,
1581 1570 1639 1610 ut

154 1640 387 1680 senatum
446 1648 646 1694 quoque
702 1638 908 1694 cogeret
966 1635 1019 1676 in
1077 1632 1228 1677 verba
1286 1634 1464 1688 iurare,
1524 1647 1637 1676 cum

152 1700 492 1746 abnuentibus
525 1716 656 1761 aqua
691 1705 745 1745 et
779 1702 885 1760 igni
919 1698 1310 1745 interdicturum
1346 1701 1634 1744 minaretur.

93 1775 118 1814 3
160 1768 302 1813 Unus
325 1774 498 1813 tamen
525 1769 713 1823 extitit,
734 1769 820 1828 qui
842 1765 1019 1812 mallet
1043 1765 1265 1812 exilium.
1339 1765 1502 1827 Igitur
1525 1771 1640 1827 post

153 1834 352 1880 Metelli
400 1833 570 1895 fugam
617 1836 755 1878 omni
797 1833 1063 1879 nobilitate
1111 1832 1339 1894 perculsa
1387 1849 1500 1878 cum
1538 1835 1636 1877 iam

149 1905 359 1948 tertium
385 1917 572 1946 annum
610 1900 969 1957 dominaretur,
996 1915 1056 1946 eo
1079 1903 1311 1946 vesaniae
1345 1915 1636 1961 progressus

151 1975 244 2025 est,
283 1975 339 2015 ut
376 1968 654 2014 consularia
695 1983 896 2030 quoque
935 1970 1138 2013 comitia
1173 1982 1302 2012 nova
1339 1966 1495 2012 caede
1531 1973 1636 2012 tur-

92 2043 119 2080 4
154 2036 312 2082 baret.
387 2034 589 2097 Quippe
631 2041 689 2081 ut
725 2034 998 2081 satellitem
1037 2033 1215 2080 furoris
1257 2036 1333 2080 sui
1377 2033 1638 2080 Glauciam

738 2150 755 2175 ²
786 2151 862 2202 qui
881 2152 1040 2191 seclusi.

195 2281 211 2306 ²
240 2280 402 2321 Consul
422 2281 466 2320 in
490 2281 563 2320 121
585 2291 673 2322 B.C.

199 2335 215 2359 ²
247 2335 338 2374 The
358 2347 484 2373 name
513 2335 549 2373 is
570 2334 826 2374 uncertain:
857 2334 1033 2386 Appian
1055 2334 1179 2382 (Bell.
1205 2332 1296 2373 Oiv.
1321 2333 1393 2383 28)
1413 2333 1518 2374 calls
1549 2333 1638 2373 him

144 2388 542 2483 Ncgnffisigglgrgus
562 2387 784 2428 Maximus
807 2387 907 2438 (IX.
929 2388 968 2436 7,
993 2389 1036 2438 3)
1056 2387 1273 2428 Nunnius.

153 2522 246 2565 226
