1747 2912
498 114 556 161 L.
605 112 940 160 ANNAEUS
990 110 1261 158 FLORUS

79 251 103 290 3
139 243 346 289 invadit.
421 241 502 289 Sic
539 258 653 288 cum
685 243 929 302 sanguine
959 246 1013 286 et
1049 242 1226 300 spiritu
1259 237 1390 284 male
1424 244 1618 300 partam

139 325 433 356 revomuere
454 312 727 355 victoriam.
780 308 895 368 Ipse
920 323 1009 353 rex
1029 305 1227 367 Aepulo
1243 306 1264 337 1
1289 320 1419 367 equo
1437 307 1621 366 inposi-

137 383 232 434 tus,
261 393 375 422 cum
401 376 614 422 subinde
653 374 854 436 crapula
891 379 944 420 et
980 376 1157 434 capitis
1195 387 1359 418 errore
1384 371 1619 432 lapsaret,

138 450 346 556 captgng
379 459 487 490 sese
523 446 605 488 vix
642 449 695 489 et
733 457 903 503 aegre,
934 446 1200 502 postquam
1238 437 1622 500 expergefactus

139 517 233 567 est,
295 514 309 555 i
348 513 448 556 icit.

407 765 620 811 XXVII.
672 764 873 810 BELLVM
912 763 1314 809 GALLOGRAECVM

50 867 176 925 11,11
230 866 655 912 GALLOGRAECIAM
693 880 892 927 quoque
942 863 1131 926 Syriaci
1168 864 1288 910 belli
1329 865 1472 909 ruina
1508 878 1624 909 con-

78 943 102 980 2
139 934 307 980 volvit.
369 933 577 979 Fuerint
601 936 735 978 inter
759 931 941 977 auxilia
960 934 1092 992 regis
1113 929 1368 987 Antiochi,
1385 947 1450 975 an
1473 929 1625 976 fuisse

141 1000 351 1062 cupidus
389 999 634 1061 triumphi
679 998 897 1044 Manlius
935 997 1128 1044 Vulso2
1167 997 1492 1054 simulaverit,
1529 996 1620 1043 du-

80 1075 106 1115 3
141 1070 309 1122 bium;
345 1074 398 1113 at
423 1066 596 1113 certe3
631 1072 845 1126 negatus
873 1071 950 1111 est
974 1067 1150 1111 victori
1184 1063 1484 1125 triumphus,
1511 1067 1627 1126 quia

140 1151 335 1181 causam
361 1134 483 1180 belli
509 1150 611 1179 non
646 1133 955 1194 adprobavit.
1029 1131 1266 1178 Ceterum
1292 1147 1417 1193 gens
1455 1130 1625 1176 Gallo-

140 1217 451 1264 graecorum,
492 1204 621 1246 sicut
671 1204 835 1261 ipsum
881 1214 1068 1244 nomen
1109 1198 1295 1243 indicio
1338 1204 1432 1254 est,
1471 1201 1629 1244 mixta

142 1275 195 1315 et
233 1268 518 1314 adulterata
560 1274 665 1314 est:
704 1267 944 1328 reliquiae
989 1265 1263 1322 Gallorum,
1302 1268 1387 1327 qui
1424 1264 1627 1311 Brenno

141 1336 269 1382 duce
327 1341 645 1381 vastaverant
705 1333 983 1390 Graeciam,
1032 1336 1279 1378 orientem
1340 1335 1518 1389 secuti,
1575 1335 1628 1377 in

79 1412 105 1448 4
140 1403 307 1449 media
355 1403 504 1447 Asiae
553 1407 695 1463 parte
733 1400 1008 1454 sederunt3
1068 1402 1257 1461 itaque,
1299 1401 1374 1444 uti
1426 1397 1629 1460 frugum

142 1468 369 1516 semina4
415 1475 610 1515 mutato
657 1468 761 1514 solo
799 1467 1133 1529 degenerant,
1173 1469 1242 1512 sic
1283 1465 1368 1510 illa
1409 1469 1630 1526 genuina

143 1536 316 1582 feritas
387 1552 559 1582 eorum
627 1535 850 1580 Asiatica
919 1537 1225 1579 amoenitate
1283 1532 1477 1579 mollita
1535 1539 1625 1579 est.

81 1612 107 1650 5
145 1603 354 1649 Duobus
380 1607 551 1665 itaque
576 1602 776 1663 proeliis
810 1600 906 1647 fusi
943 1600 1205 1662 fugatique
1242 1606 1376 1656 sunt,
1403 1603 1627 1662 quamvis

143 1672 234 1717 sub
271 1670 492 1716 adventu
525 1669 682 1715 hostis
719 1668 908 1714 relictis
945 1668 1147 1713 sedibus
1182 1670 1236 1712 in
1273 1667 1541 1713 altissimos
1573 1682 1627 1713 se

141 1744 341 1783 montes
366 1740 690 1798 recepissent.
763 1733 1117 1795 Tolostobogi5
1137 1734 1428 1796 Olympum,
1449 1733 1629 1780 Tecto-

144 1808 249 1865 sagi
300 1803 602 1865 Magabam6
644 1802 947 1848 insederant.
1023 1802 1291 1863 Utrimque
1339 1800 1508 1846 fundis
1555 1817 1629 1846 sa·

143 1875 386 1933 gittisque
404 1871 619 1916 detracti
639 1873 690 1914 in
710 1875 1009 1931 perpetuam
1029 1884 1081 1914 se
1101 1884 1277 1930 pacem
1302 1867 1624 1914 dediderunt.

81 1946 107 1985 6
143 1938 243 1985 Sed
286 1938 476 2000 alligati
521 1936 760 1982 miraculo
797 1935 1037 1999 quidam⁷
1079 1934 1237 1993 fuere,
1274 1951 1387 1981 cum
1423 1941 1628 1981 catenas

201 2079 217 2104 ¹
246 2079 417 2131 Aepulo
443 2079 600 2126 Μυίας,
627 2077 745 2116 XLI.
770 2079 816 2116 11
839 2091 849 2117 t
878 2077 1008 2129 apulo
1029 2077 1161 2116 BNL.

203 2134 219 2157 2
249 2134 442 2172 Manlius
466 2132 604 2172 Vulso
637 2133 941 2172 Mommsenus:
972 2131 1089 2170 visos
1110 2132 1173 2171 B:
1216 2143 1346 2170 aneos
1374 2130 1490 2169 visos
1518 2130 1625 2170 NL:

146 2188 265 2226 visus
285 2188 324 2226 I.

202 2242 218 2265 ³
247 2245 295 2280 at
316 2244 434 2279 certe
455 2241 658 2279 Iahnius:
692 2238 772 2277 hac
797 2237 803 2289 Ι
828 2242 953 2290 perte
977 2239 1040 2278 B:
1072 2241 1189 2277 certe
1210 2238 1306 2278 NL.

204 2296 220 2319 ⁴
248 2295 439 2334 semina:
472 2294 680 2332 seminam
700 2293 750 2332 B.

203 2348 219 2373 ⁵
248 2347 553 2399 Tolostobogi:
583 2347 699 2385 colos
720 2345 870 2397 cobegi
890 2346 951 2385 B:
982 2344 1248 2396 colosobegit
1270 2345 1306 2385 I.

202 2402 218 2426 Β
248 2401 481 2453 Magabam
503 2402 557 2440 H.
584 2401 834 2439 Muellerus:
866 2399 1101 2452 magabant
1121 2401 1182 2439 B:
1213 2397 1443 2450 magabal.

206 2457 220 2480 ⁷
250 2455 456 2507 quidam:
486 2453 675 2507 quodam
695 2455 806 2494 codd.

154 2534 245 2578 126
