1802 2942
588 156 985 207 CORNELIUS
1034 155 1257 205 NEPOS

182 286 360 334 diebus
379 288 593 349 triginta
611 289 664 331 in
684 286 858 332 Asiam
878 300 1106 331 reversus
1127 290 1206 330 est
1225 298 1383 346 seque
1404 299 1435 329 a
1451 281 1679 329 Tbemis·

182 353 315 401 tocle
364 370 465 399 non
514 360 828 415 superatum,
877 352 969 398 sed
1017 357 1371 398 conservatum
1418 349 1676 396 iudicavit.

132 429 157 468 3
246 419 326 466 Sic
380 423 527 466 unius
584 423 674 465 viri
729 418 1002 481 prudentia
1058 418 1273 464 Graecia
1325 416 1543 463 liberata
1598 422 1679 462 est

184 486 522 549 Europaeque
561 486 826 532 succubuit
865 487 1002 532 Asia.
1071 484 1214 531 Haec
1253 483 1415 530 altera
1452 485 1679 539 victoria,

185 569 317 616 quae
369 571 483 600 cum
536 552 862 600 Marathonio
912 554 1072 616 possit
1122 554 1401 614 comparari
1449 557 1677 612 tropaeo.

185 620 317 666 Nam
374 624 483 683 pari
540 621 690 667 modo
750 619 886 683 apud
944 618 1198 665 Salamina
1253 634 1408 680 parvo
1465 633 1677 664 numero

185 691 389 734 navium
434 691 657 734 maxima
701 694 818 750 post
862 686 1124 733 hominum
1168 688 1465 732 memoriam
1510 684 1679 731 classis

186 762 265 802 est
291 755 505 802 devicta.
1713 787 1716 789 »

247 821 295 871 6.
336 821 557 885 Magnus
611 819 705 867 hoc
757 819 891 866 bello
944 817 1307 865 Themistocles
1360 816 1459 865 fuit
1511 832 1680 880 neque

185 891 348 934 minor
385 892 437 935 in
474 904 615 951 pace.
686 886 814 933 Cum
853 889 988 933 enim
1027 885 1286 932 Phalerico
1323 892 1475 948 portu
1511 899 1680 947 neque

184 972 371 1019 magno
418 971 586 1017 neque
632 955 765 1000 bono
813 953 1153 1000 Athenienses
1201 959 1486 1008 uterentur,
1531 951 1680 998 huius

185 1023 391 1069 consilio
420 1022 607 1085 triplex
637 1021 802 1067 Piraei
834 1027 1009 1084 portus
1039 1023 1346 1066 constitutus
1377 1027 1455 1066 est
1482 1017 1680 1081 iisquel

185 1091 451 1136 moenibus
499 1089 837 1136 circumdatus
885 1094 945 1135 ut
991 1090 1153 1150 ipsam
1200 1088 1380 1134 urbem
1427 1087 1681 1150 dignitate

133 1163 158 1201 2
183 1160 557 1219 aequiperaret,
629 1155 855 1202 utilitate
927 1161 1207 1217 superaret.
1296 1153 1442 1200 Idem
1511 1169 1681 1200 muros

187 1224 580 1270 Atheniensium
648 1225 876 1269 restituit
943 1225 1214 1285 praecipuo
1284 1237 1374 1267 suo
1442 1218 1680 1282 periculo.

187 1291 422 1353 Namque
493 1290 900 1344 Lacedaemonii,
969 1305 1173 1335 causam
1240 1288 1477 1334 idoneam
1544 1290 1681 1334 nacti

185 1365 394 1420 propter
422 1359 751 1404 barbarorum
781 1359 1099 1403 excursiones
1130 1372 1231 1418 qua
1259 1361 1511 1418 negarent
1538 1371 1683 1417 opor·

187 1432 298 1471 tere
358 1432 505 1471 extra
563 1424 969 1486 Peloponnesum
1026 1422 1181 1469 ullam
1239 1423 1418 1469 urbem
1474 1422 1683 1468 muros2

187 1491 394 1548 habere,
431 1508 496 1538 ne
541 1498 712 1538 essent
754 1491 864 1537 loca
898 1493 1113 1545 munita,
1150 1506 1282 1552 quae
1317 1488 1490 1535 hostes
1526 1491 1683 1552 possi-

135 1567 160 1607 3
185 1559 385 1615 derent,
446 1558 787 1605 Athenienses
849 1557 1176 1604 aedificantes
1235 1556 1504 1619 prohibere
1564 1562 1684 1602 sunt

187 1630 371 1673 conati.
441 1626 551 1672 Hoc
611 1625 762 1688 longe
823 1624 919 1671 alio
979 1625 1248 1687 spectabat
1308 1631 1465 1686 atque
1524 1623 1683 1670 videri

187 1694 441 1740 volebant.
512 1692 852 1739 Athenienses
877 1695 1011 1738 enim
1034 1692 1230 1738 duabus
1253 1693 1489 1746 victoriis,
1515 1690 1685 1736 Mara-

187 1760 364 1807 thonia
407 1767 460 1807 et
502 1759 790 1814 Salaminia,
833 1766 1034 1806 tantam
1075 1759 1287 1822 gloriam
1330 1758 1467 1820 apud
1508 1773 1683 1804 omnes

186 1831 354 1890 gentis
376 1834 522 1873 erant
541 1829 815 1882 consecuti,
835 1833 894 1872 ut
912 1825 1274 1889 intellegerent
1293 1824 1683 1872 Lacedaemonii

134 1902 160 1939 4
185 1895 249 1942 de
284 1898 571 1958 principatu
606 1895 699 1940 sibi
734 1910 849 1940 cum
884 1896 941 1940 iis
977 1900 1238 1939 certamen
1272 1891 1395 1939 fore.
1477 1891 1594 1950 Qua
1626 1907 1682 1938 re

187 1977 271 2008 eos
319 1978 472 2024 quam
517 1961 878 2007 infirmissimos
925 1976 1035 2007 esse
1081 1960 1335 2006 volebant.
1405 1958 1683 2021 Postquam

187 2036 361 2075 autem
414 2029 686 2075 audierunt
735 2044 903 2074 muros
954 2030 1152 2084 instrui,
1201 2026 1399 2090 legatos
1451 2025 1682 2072 Athenas

185 2099 450 2152 miserunt,
496 2099 581 2159 qui
624 2096 677 2143 id
721 2095 829 2141 fieri
872 2101 1123 2160 vetarent.
1193 2093 1285 2140 His
1328 2093 1682 2156 praesentibus

386 2221 401 2245 ²
431 2221 584 2271 iisque,
610 2219 812 2271 Scheffer;
849 2220 986 2270 isque,
1009 2217 1143 2258 MSS.

384 2275 400 2299 2
430 2287 591 2321 muros,
615 2275 668 2320 B,
691 2274 811 2314 Leid.
832 2272 888 2311 II
901 2288 912 2320 ;
953 2273 1016 2313 the
1039 2273 1150 2312 other
1173 2270 1307 2311 MSS.
1333 2271 1447 2310 omit.

239 2403 254 2427 ¹
284 2403 400 2442 That
426 2404 477 2449 is,
503 2403 579 2442 the
606 2402 701 2441 first
735 2402 845 2441 rank
871 2413 1031 2451 among
1056 2400 1132 2440 the
1160 2400 1301 2440 Greek
1326 2403 1465 2439 states
1491 2399 1578 2439 and
1603 2399 1680 2440 the

180 2457 296 2518 chiei
322 2457 555 2496 command
593 2457 639 2495 in
665 2457 773 2496 time
801 2455 847 2495 of
875 2467 979 2503 war,
1007 2454 1116 2494 then
1143 2453 1245 2494 held
1274 2453 1334 2505 by
1361 2453 1437 2493 the
1465 2452 1679 2494 Lacedae-

181 2523 394 2550 momans.

190 2589 279 2648 396
