1747 2912
51 608 103 649 23

52 917 106 956 24

52 1226 106 1266 25

54 1459 108 1499 26

55 1691 111 1732 27

58 1999 110 2039 28

503 161 557 206 L.
611 159 944 206 ANNAEUS
997 157 1267 205 FLORUS

138 289 479 339 cunctandum
538 295 690 345 ratus,
739 291 1028 349 priusquam
1087 289 1222 333 inter
1279 301 1333 332 se
1391 288 1623 347 gentium

138 370 314 415 robora
351 371 559 422 coirent,
586 368 757 412 statim
792 371 950 426 ponte
986 365 1194 410 navibus
1230 363 1365 409 facto
1401 367 1624 409 omnium

139 453 257 492 ante
295 461 346 491 se
380 448 569 506 primus
605 446 805 489 transiit
841 441 1154 503 Euphratem
1185 456 1460 503 regemque
1495 440 1625 503 fugi-

140 530 311 570 entem
371 521 538 567 media
584 526 798 566 nanctus
858 520 1356 580 Armenia—quanta
1413 517 1626 564 felicitas

139 605 399 646 viri—uno
437 598 627 660 proelio
663 596 894 643 confecit.
971 597 1231 642 Nocturna
1267 611 1326 642 ea
1371 595 1628 641 dimicatio

140 679 238 725 fuit
264 685 317 724 et
344 677 487 723 Luna
511 680 563 721 in
589 676 827 737 partibus.
903 673 1105 735 Quippe
1131 676 1271 735 quasi
1295 673 1627 719 commilitans

141 754 291 802 cum1
346 755 439 800 dea
489 770 517 798 a
564 760 711 813 tergo
758 767 811 797 se
860 750 1104 807 hostibus,
1141 767 1169 795 a
1215 749 1344 796 facie
1395 750 1628 796 Romanis

140 833 469 895 praebuisset,
518 830 713 875 Pontici
756 844 847 890 per
885 843 1106 874 errorem
1154 827 1353 888 longius
1402 826 1629 873 cadentis

142 911 341 956 umbras
378 923 488 953 suas
532 909 671 969 quasi
710 905 931 951 hostium
970 920 1176 965 corpora
1212 905 1472 966 petebant.
1563 903 1631 950 Et

145 985 469 1032 Mithridates
495 983 701 1047 quidem
727 989 877 1028 nocte
902 981 989 1027 illa
1013 981 1299 1027 debellatus
1325 987 1414 1027 est.
1490 980 1631 1026 Nihil

144 1068 278 1111 enim
338 1069 512 1124 postea
562 1059 758 1117 valuit,²
807 1075 1109 1122 quamquam
1168 1061 1335 1104 omnia
1393 1064 1631 1120 expertus

144 1158 280 1187 more
307 1143 563 1201 anguium,
590 1141 675 1200 qui
712 1140 901 1199 optrito
927 1139 1094 1198 capite
1131 1142 1442 1197 postremum
1475 1135 1633 1181 cauda

143 1223 412 1264 minantur.
487 1216 690 1277 Quippe
727 1231 841 1260 cum
889 1214 1148 1275 effugisset
1194 1213 1393 1259 hostem
1436 1213 1632 1259 Colchis

143 1304 310 1352 tenus,
348 1299 558 1356 iungere
601 1293 874 1354 Bosporon,
915 1291 1035 1337 inde
1071 1307 1161 1353 per
1195 1291 1426 1337 Thracen
1465 1291 1633 1337 Mace-

146 1374 447 1434 doniamque
486 1378 540 1417 et
576 1370 838 1416 Graeciam
881 1368 1149 1425 transilire,
1188 1372 1257 1415 sic
1300 1368 1498 1414 Italiam
1539 1384 1634 1414 nec

144 1454 376 1513 opinatus
396 1449 902 1494 invadere—tantum
923 1449 1175 1508 cogitavit.
1228 1445 1330 1492 Sed
1345 1445 1635 1492 defectione

146 1532 327 1575 civium
372 1526 740 1587 Pharnacisque
788 1524 876 1569 filii
915 1523 1105 1570 scelere
1153 1529 1456 1585 praeventus
1504 1522 1635 1569 male

145 1611 452 1667 temptatum
489 1619 686 1649 veneno
722 1605 954 1664 spiritum
988 1600 1120 1647 ferro
1157 1600 1364 1662 expulit.

218 1683 420 1728 Gnaeus
462 1684 667 1727 interim
706 1680 923 1741 Magnus
961 1678 1164 1725 rebellis
1205 1679 1354 1724 Asiae
1401 1677 1636 1740 reliquias

146 1776 360 1822 sequens
385 1774 475 1820 per
508 1758 702 1803 diversa
738 1759 969 1818 gentium
1001 1762 1351 1817 terrarumque
1377 1755 1632 1801 volitabat.

148 1838 277 1882 Nam
326 1837 416 1882 sub
455 1838 704 1881 orientem
751 1840 952 1879 secutus
992 1833 1271 1888 Armenios,
1315 1836 1491 1893 captis,
1529 1835 1637 1894 ipso

148 1918 312 1975 capite
349 1916 532 1974 gentis,
570 1911 844 1967 Artaxatis,
882 1908 1200 1972 supplicem³
1245 1913 1389 1956 iussit
1423 1925 1636 1971 regnare

148 1992 413 2053 Tigranen.
489 1990 560 2035 At
589 1992 642 2034 in
674 1992 1021 2050 septentrione
1057 1986 1349 2049 Scythicum
1381 1990 1479 2033 iter
1510 1993 1637 2033 tam-

149 2085 297 2131 quam
322 2071 374 2113 in
398 2071 523 2112 mari
555 2066 714 2112 stellis
740 2072 941 2111 secutus
976 2064 1185 2110 Colchos
1220 2064 1418 2120 cecidit,
1443 2067 1639 2125 ignovit

152 2147 411 2202 Hiberiae,
427 2147 656 2206 pepercit
673 2142 892 2189 Albanis.
954 2142 1144 2204 Regem
1158 2141 1337 2187 horum
1353 2140 1374 2170 ‘¹
1397 2141 1604 2188 Oroden
1619 2139 1638 2170 5

204 2280 221 2305 ¹
251 2280 376 2331 quasi
391 2284 481 2330 post
502 2292 600 2318 cum
621 2279 719 2318 add.
741 2278 791 2317 B.
963 2276 980 2301 ²
1010 2275 1153 2315 valuit
1172 2289 1250 2316 om.
1271 2277 1321 2316 B.

206 2334 221 2358 ³
252 2334 407 2385 captis,
431 2334 525 2384 ipso
555 2333 699 2384 capite
728 2331 887 2383 gentis,
910 2331 1142 2369 Artaxatis
1168 2330 1279 2370 NL:
1310 2333 1465 2383 captae
1493 2330 1637 2383 gentis

150 2387 628 2480 atfiafissssirssuffssssffi-‘ZZZ
638 2385 1056 2479 5³⁶35i⁵<⁸21ss⁷ssff1ii⁸0fssid

206 2494 223 2519 ⁵
253 2494 451 2535 Oroden:
483 2471 667 2534 orhozen
686 2494 736 2536 B.
1057 2466 1068 2478 ⁰

158 2572 248 2617 186
