1802 2942
609 167 1003 216 CORNELIUS
1047 166 1268 215 NEPOS

234 296 317 342 illo
334 298 665 342 constitutam
675 294 1004 341 sustulerunt.
1039 294 1153 352 Quo
1169 294 1340 341 dolore
1354 298 1727 351 incensus,iniit

235 363 441 409 consilia
457 379 604 425 reges
624 361 1143 408 Lacedaemoniorum
1159 361 1354 408 tollere.
1422 360 1524 408 Sed
1539 365 1727 409 sentie-

237 431 328 476 bat
359 430 413 475 id
446 446 500 475 se
535 432 642 475 sine
676 445 773 491 ope
808 429 1019 475 deorum
1053 428 1221 475 facere
1254 446 1357 475 non
1389 445 1555 490 posse,
1589 429 1727 492 quod

238 496 630 543 Lacedaemonii
660 499 831 542 omnia
855 496 920 542 ad
950 496 1153 542 oracula
1182 494 1373 542 referre
1403 503 1725 543 consuerant.

184 571 209 607 2
234 563 459 610 Primum
484 561 790 625 Delphicum
810 564 830 593 1
854 578 1176 624 corrumpere
1201 569 1281 609 est
1303 570 1530 609 conatus.
1597 562 1726 609 Cum

234 631 287 677 id
302 648 403 677 non
417 633 686 692 potuisset,
702 630 973 676 Dodonam
989 630 1195 676 adortus
1213 637 1306 676 est.
1375 629 1507 675 Hinc
1523 646 1726 692 quoque

234 697 483 759 repulsus,
502 698 632 744 dixit
649 713 704 743 se
722 704 842 743 vota
866 700 1144 758 suscepisse
1170 713 1301 759 quae
1327 696 1434 743 Iovi
1452 696 1726 743 Hammoni

236 765 472 820 solveret,
511 767 806 811 existimans
844 780 898 810 se
936 763 1087 810 Afros
1124 763 1318 810 facilius
1355 770 1724 826 corrupturum.

186 840 211 879 3
236 832 346 878 Hac
384 848 474 894 spe
513 848 628 877 cum
665 830 923 893 profectus
964 838 1100 877 esset
1137 834 1189 876 in
1227 830 1470 886 Africam,
1506 830 1727 877 multum

238 916 356 945 eum
400 901 656 944 antistites
701 897 832 944 Iovis
876 896 1198 952 fefellerunt3
1259 914 1378 944 nam
1420 914 1523 944 non
1564 897 1728 944 solum

236 969 488 1028 corrumpi
527 982 628 1011 non
667 972 964 1027 potuerunt,
1004 965 1096 1011 sed
1136 968 1293 1011 etiam
1330 964 1528 1028 legatos
1570 964 1728 1011 Lace-

237 1034 540 1080 daemonem
593 1035 858 1088 miserunt,
914 1035 1000 1095 qui
1057 1031 1377 1095 Lysandrum
1431 1039 1729 1079 accusarent

238 1101 375 1163 quod
428 1099 717 1146 sacerdotes
772 1098 878 1145 fani
931 1116 1253 1161 corrumpere
1307 1106 1518 1146 conatus
1574 1106 1725 1146 esset.

186 1175 212 1212 4
236 1170 517 1214 Accusatus
560 1166 655 1213 hoc
696 1170 903 1213 crimine
945 1167 1270 1229 iudicumque
1314 1166 1573 1213 absolutus
1615 1183 1729 1213 sen-

237 1238 431 1290 tentiis,
474 1233 821 1281 Orchomeniis
862 1236 1041 1280 missus
1083 1234 1304 1280 subsidio
1346 1237 1535 1280 occisus
1578 1241 1658 1280 est
1698 1250 1730 1280 a

236 1302 490 1348 Thebanis
515 1301 652 1363 apud
675 1301 978 1347 Haliartum.

186 1378 211 1415 5
300 1369 467 1427 Quam
502 1385 620 1414 vere
655 1368 719 1414 de
756 1384 816 1414 eo
851 1367 985 1414 foret
1017 1367 1314 1423 iudicatum,
1349 1370 1510 1413 oratio
1544 1367 1728 1414 indicio

239 1435 336 1482 fuit
367 1452 497 1498 quae
526 1442 643 1497 post
671 1442 890 1481 mortem
918 1438 971 1480 in
999 1435 1149 1481 domo
1180 1438 1286 1481 eius
1315 1442 1521 1496 reperta
1551 1442 1647 1490 est,
1675 1437 1729 1480 in

240 1520 341 1566 qua
369 1503 553 1549 suadet
583 1502 999 1548 Lacedaemoniis
1029 1509 1088 1548 ut
1115 1505 1258 1565 regia
1285 1509 1546 1563 potestate
1574 1502 1729 1548 disso-

238 1570 348 1616 luta
373 1587 436 1616 ex
461 1571 693 1616 omnibus
719 1570 823 1616 dux
848 1569 1102 1632 deligatur
1127 1570 1193 1615 ad
1215 1569 1406 1615 bellum
1429 1569 1729 1632 gerendum,

239 1638 330 1684 sed
349 1641 418 1683 sic
438 1638 457 1667 2
477 1640 681 1699 scripta,
701 1644 760 1683 ut
779 1637 933 1683 deum
952 1636 1211 1683 videretur
1228 1653 1507 1699 congruere
1525 1643 1730 1683 senten-

239 1708 361 1759 tiae,
407 1721 559 1766 quam
602 1704 686 1750 ille
730 1719 784 1750 se
827 1703 1121 1750 habiturum
1164 1707 1380 1765 pecunia
1424 1703 1584 1750 fidens
1627 1721 1730 1750 non

239 1772 526 1818 dubitabat.
595 1771 741 1817 Hanc
784 1774 829 1817 ei
867 1774 1121 1833 scripsisse
1163 1770 1320 1817 Cleon
1355 1770 1730 1817 Halicarnasius

240 1839 438 1885 dicitur.

303 1904 351 1956 4.
388 1906 561 1967 Atque
590 1903 809 1950 hocloco
837 1921 938 1951 non
966 1911 1045 1950 est
1071 1904 1504 1966 praetereundum
1531 1903 1726 1951 factum

242 1971 571 2027 Pharnabazi,
629 1975 841 2033 satrapis
898 1975 1040 2034 regii.
1109 1971 1241 2017 Nam
1296 1988 1411 2017 cum
1468 1971 1731 2034 Lysander

240 2039 529 2101 praefectus
558 2038 725 2085 classis
753 2042 805 2084 in
831 2038 964 2085 bello
991 2038 1154 2085 multa
1180 2038 1452 2085 crudeliter
1478 2054 1731 2102 avareque

297 2187 314 2212 ²
344 2188 616 2250 Delphicum,
631 2187 758 2234 Roth3
792 2188 965 2239 Delphi,
981 2187 1093 2227 Dan.
1109 2186 1147 2226 A
1168 2188 1206 2227 Β
1223 2187 1275 2226 Μ
1292 2188 1331 2226 P
1348 2187 1386 2226 R
1402 2187 1441 2226 F
1457 2195 1508 2234 λ;
1525 2186 1731 2239 Delphos,

245 2255 272 2280 u
289 2242 749 2348 fig'sigelgldffiswileze
771 2293 904 2333 MSS.
927 2294 1041 2334 omit.

246 2469 327 2562 ΜΞ
350 2468 452 2506 This
502 2468 729 2520 happened
771 2468 883 2507 after
925 2467 1000 2507 the
1042 2467 1181 2507 battle
1223 2471 1271 2507 at
1312 2467 1646 2520 Aegospotamoi
1684 2467 1730 2507 in

349 2532 432 2560 13.o.

248 2613 336 2658 432
