1747 2912
501 133 552 179 L.
602 132 936 180 ANNAEUS
988 132 1258 179 FLORUS

137 270 260 320 erat,
319 268 591 319 metueret,
649 265 866 323 primum
924 260 1087 308 scelus
1146 260 1355 307 mandat
1411 260 1618 307 insidiis.

81 351 107 389 4
139 344 334 390 Potitus
378 342 688 404 Hiempsalis
730 345 895 404 capite
935 358 1049 388 cum
1091 358 1143 388 se
1186 345 1241 387 in
1278 341 1623 388 Adherbalem

138 427 470 470 convertisset
517 427 657 485 isque
717 423 924 468 Romam
972 421 1293 484 profugisset,
1339 425 1488 468 missa
1534 437 1625 483 per

137 505 330 566 legatos
355 508 569 566 pecunia
605 507 760 549 traxit
794 507 848 548 in
872 507 1179 549 sententiam
1204 519 1344 549 suam
1376 508 1621 549 senatum.

81 594 106 631 5
138 585 204 631 Et
240 585 363 631 haec
401 589 506 631 eius
543 584 640 630 fuit
674 584 739 630 de
780 585 923 630 nobis
958 588 1118 646 prima
1153 586 1371 629 victoria.
1446 583 1626 629 Missos

138 666 343 723 deinde,
391 669 476 728 qui
523 682 737 727 regnum
797 668 932 710 inter
978 665 1121 710 illum
1180 663 1627 725 Adherbalemque

140 747 441 803 dividerent,
470 746 700 792 similiter
733 745 1014 807 adgressus,
1040 761 1154 790 cum
1186 748 1237 790 in
1273 744 1458 791 Scauro
1494 747 1627 806 ipsos

142 827 352 872 Romani
377 829 575 888 imperii
599 842 763 872 mores
790 832 1145 888 expugnasset,
1171 824 1462 871 inchoatum
1486 824 1628 870 nefas

84 915 109 954 6
138 908 354 970 perfecit
380 907 597 953 audacia.
672 906 773 953 Sed
798 923 901 952 non
926 906 1012 953 diu
1047 906 1213 952 latent
1237 906 1437 952 scelera.
1512 905 1628 951 Cor-

143 996 322 1051 ruptae
358 987 500 1035 nefas
543 988 811 1049 legationis
849 991 1033 1049 erupit,
1069 987 1360 1049 placuitque
1395 989 1629 1048 persequi

86 1079 110 1122 7
138 1071 273 1118 bello
309 1069 619 1132 parricidam.
697 1069 889 1114 Primus
918 1071 971 1113 in
1009 1067 1299 1113 Numidiam
1333 1067 1630 1129 Calpurnius

142 1153 311 1199 Bestia
360 1149 531 1196 consul
580 1153 887 1204 inmittitur3
937 1149 1027 1195 sed
1068 1165 1172 1206 rex,
1215 1152 1407 1210 peritus
1449 1147 1627 1194 fortius

141 1234 376 1280 adversus
414 1231 661 1276 Romanos
693 1246 869 1276 aurum
900 1246 1008 1276 esse
1042 1246 1191 1291 quam
1225 1228 1430 1286 ferrum,
1454 1244 1631 1290 pacem

85 1323 109 1361 8
143 1318 280 1361 emit.
356 1312 505 1358 Cuius
541 1311 718 1373 flagitii
750 1326 864 1357 reus
891 1327 1003 1356 cum
1028 1313 1405 1356 interveniente
1431 1309 1631 1371 publica

141 1395 238 1442 fide
272 1411 300 1439 a
332 1399 509 1440 senatu
548 1398 903 1449 arcesseretur,
926 1394 1033 1453 pari
1069 1391 1276 1437 audacia
1313 1396 1366 1436 et
1402 1393 1542 1436 venit
1578 1395 1632 1436 et

142 1478 510 1538 conpetitorem
546 1476 743 1534 imperii
793 1473 1059 1518 Massivam
1099 1475 1304 1518 inmisso
1341 1486 1632 1533 percussore

86 1564 112 1604 9
142 1556 373 1603 confecit.
452 1555 595 1600 Haec
620 1554 780 1600 altera
805 1559 981 1599 contra
1005 1569 1178 1614 regem
1203 1568 1349 1598 causa
1373 1551 1494 1597 belli
1518 1550 1629 1597 fuit.

145 1638 307 1700 Igitur
356 1651 570 1697 sequens
612 1634 738 1680 ultio
785 1633 1052 1680 mandatur
1099 1633 1299 1680 Albino.
1359 1630 1460 1678 Sed
1483 1630 1630 1677 huius

143 1732 502 1781 quoque—pro
527 1714 974 1762 dedecus—frater
997 1718 1068 1760 ita
1092 1717 1313 1775 corrupit
1338 1716 1631 1770 exercitum,

137 1806 195 1846 ut
255 1798 534 1844 voluntaria
593 1802 878 1842 nostrorum
938 1795 1058 1857 fuga
1117 1798 1344 1840 vinceret
1414 1793 1634 1840 Numida

144 1882 419 1941 castrisque
457 1884 734 1939 poteretur,
765 1876 940 1923 addito
977 1879 1130 1922 etiam
1166 1878 1303 1937 turpi
1339 1874 1545 1921 foedere
1580 1878 1630 1920 in

144 1963 363 2022 pretium
391 1958 580 2015 salutis,
607 1956 741 2020 quo1
778 1973 900 2019 quos
927 1964 1119 2003 emerat
1154 1956 1344 2002 dimisit
1368 1959 1630 2002 exercitus.

58 2049 107 2090 10
143 2040 371 2087 Tandem
417 2043 471 2084 in
528 2038 775 2085 ultionem
838 2054 941 2084 non
999 2044 1104 2083 tam
1161 2039 1359 2098 imperii
1425 2036 1634 2082 Romani

544 2187 561 2213 ²
589 2201 675 2240 quo
697 2189 963 2227 Perizonius:
993 2185 1111 2239 quod
1131 2186 1242 2226 codd.

200 2357 217 2382 ¹
247 2356 407 2397 Consul
426 2356 471 2394 in
495 2356 567 2394 111
591 2365 674 2394 B.c.

202 2411 217 2435 ²
248 2411 387 2450 Aulus
418 2409 619 2458 Albinus,
643 2407 741 2448 who
772 2420 859 2446 was
888 2406 970 2446 left
1008 2407 1053 2445 in
1083 2405 1250 2454 Africa,
1281 2419 1328 2445 as
1358 2411 1634 2459 pro-praetor

147 2465 286 2514 (salt,
306 2465 404 2515 Juq.
429 2464 514 2514 38).

153 2544 242 2587 162
