1802 2942
608 146 1004 195 CORNELIUS
1049 145 1270 195 NEPOS

186 277 489 339 giniensium
523 275 659 338 apud
696 275 970 322 Crinissum
1006 274 1195 321 flumen
1231 273 1429 338 fugavit
1463 291 1522 322 ac
1557 277 1680 322 satis

185 355 374 403 habere
412 359 580 419 coegit
616 359 657 402 si
692 355 868 402 liceret
905 354 1130 402 Africam
1167 356 1418 411 obtinere,
1455 358 1542 419 qui
1577 359 1679 403 iam

185 436 466 499 complures
524 453 680 483 annos
736 440 1104 499 possessionem
1159 436 1355 483 Siciliae
1411 437 1679 483 tenebant.

186 517 335 580 Cepit
367 521 522 565 etiam
556 517 891 573 Mamercum,
924 517 1157 564 Italicum
1188 518 1388 573 ducem,
1419 516 1680 564 hominem

184 598 476 645 bellicosum
517 606 571 645 et
609 606 895 661 potentem,
936 601 1021 661 qui
1073 605 1316 662 tyrannos
1357 598 1589 646 adiutum
1627 601 1682 644 in

184 678 402 726 Siciliam
423 687 650 727 venerat.

244 759 292 810 3.
330 760 525 819 Quibus
560 761 710 807 rebus
746 760 1006 816 confectis,
1041 777 1155 807 cum
1189 767 1398 823 propter
1433 760 1683 807 diuturni-

184 848 349 888 tatem
391 841 509 888 belli
553 859 654 888 non
698 841 859 888 solum
901 845 1152 905 regiones,
1195 842 1286 888 sed
1329 844 1486 888 etiam
1530 842 1681 888 urbes

184 930 411 976 desertas
460 930 674 985 videret,
722 932 1023 992 conquisivit
1072 946 1196 992 quos
1244 932 1413 992 potuit
1460 926 1681 992 primum

184 1009 390 1066 Siculos,
421 1011 539 1057 dein
576 1010 816 1057 Corintho
844 1013 1100 1057 arcessivit
1125 1010 1344 1066 colonos,
1370 1011 1507 1073 quod
1532 1011 1596 1057 ab
1621 1013 1682 1057 iis

131 1097 156 1135 2
181 1095 324 1139 initio
361 1091 639 1155 Syracusae
677 1098 824 1138 erant
860 1092 1111 1138 conditae.
1182 1091 1384 1138 Civibus
1421 1092 1681 1138 veteribus

185 1190 274 1220 sua
319 1176 562 1229 restituit,
608 1176 748 1219 novis
794 1172 927 1219 bello
973 1171 1292 1219 vacuefactas
1340 1176 1682 1235 possessiones

185 1255 370 1310 divisit,
426 1255 626 1300 urbium
680 1257 883 1300 moenia
936 1254 1148 1301 disiecta
1202 1252 1423 1316 fanaque
1478 1254 1683 1301 deserta

184 1334 380 1391 refecit,
409 1336 698 1382 civitatibus
726 1335 866 1398 leges
895 1334 1291 1398 libertatemque
1319 1335 1570 1391 reddidit3
1617 1351 1681 1382 ex

183 1419 405 1463 maximo
421 1416 554 1463 bello
579 1423 783 1462 tantum
808 1419 969 1463 otium
992 1423 1136 1463 totae
1161 1416 1355 1463 insulae
1381 1416 1682 1472 conciliavit,

185 1505 242 1544 ut
283 1497 363 1543 hic
404 1498 635 1544 conditor
675 1498 876 1544 urbium
919 1514 1111 1553 earum,
1152 1514 1255 1543 non
1295 1497 1365 1543 illi
1409 1500 1494 1560 qui
1534 1501 1682 1544 initio

132 1588 156 1626 3
183 1579 520 1634 deduxerant,
545 1579 818 1626 videretur.
887 1579 1074 1625 Arcem
1097 1577 1374 1642 Syracusis,
1399 1595 1552 1641 quam
1572 1595 1683 1625 mu-

184 1663 349 1706 nierat
365 1661 638 1723 Dionysius
655 1660 718 1707 ad
732 1660 911 1706 urbem
927 1659 1277 1715 obsidendam,
1293 1676 1322 1705 a
1335 1658 1682 1707 fundamentis

186 1742 399 1797 disiecit,
420 1748 591 1787 cetera
610 1741 892 1804 tyrannidis
912 1741 1293 1804 propugnacula
1312 1740 1582 1788 demolitus
1604 1748 1683 1788 est

186 1822 431 1885 deditque
471 1839 696 1884 operam,
734 1829 793 1868 ut
831 1838 985 1884 quam
1020 1824 1229 1868 minime
1267 1820 1432 1868 multa
1468 1825 1684 1886 vestigia

185 1906 441 1950 servitutis
469 1910 752 1949 manerent.

133 1992 158 2029 4
247 1984 376 2031 Cum
401 1987 558 2031 tantis
586 1991 722 2031 esset
747 1985 944 2046 opibus,
969 1991 1029 2031 ut
1055 1987 1212 2030 etiam
1235 1986 1405 2030 invitis
1432 1987 1682 2047 imperare

190 2074 376 2129 posset,
430 2073 632 2112 tantum
686 2074 861 2113 autem
914 2083 1138 2113 amorem
1189 2065 1404 2113 haberet
1458 2069 1684 2113 omnium

188 2146 484 2203 Siculorum,
534 2154 593 2194 ut
641 2146 777 2193 nullo
827 2154 1095 2194 recusante
1144 2163 1360 2210 regnum
1410 2147 1682 2202 obtinere,l

187 2228 366 2275 maluit
390 2244 444 2275 se
478 2227 619 2291 diligi
652 2244 804 2290 quam
835 2231 1013 2275 metui.
1083 2228 1285 2291 Itaque,
1317 2244 1432 2273 cum
1463 2230 1683 2290 primum

188 2312 372 2372 potuit,
391 2311 660 2372 imperium
679 2309 915 2372 deposuit
934 2325 991 2356 ac
1007 2311 1233 2372 privatus
1252 2307 1527 2372 Syracusis,
1546 2308 1682 2372 quod

187 2490 231 2529 H
249 2437 266 2462 1
295 2436 504 2484 obtinere,
527 2436 794 2484 Freinshem3
835 2436 1069 2485 obtineret,
1097 2436 1256 2484 MSS.;
1297 2436 1492 2476 obtinere
1517 2436 1679 2483 liceret,

235 2504 453 2542 eerwayen.

192 2569 282 2615 608
