1747 2912
62 2098 110 2138 lO

509 128 564 176 L.
614 129 947 177 ANNAEUS
996 129 1266 178 FLORUS

148 256 473 319 dissimasque
493 260 786 319 provincias,
803 258 1070 304 Armenios
1093 261 1246 304 etiam
1272 264 1326 304 et
1351 258 1632 316 Britannos,

149 350 207 390 ut
252 360 355 390 non
400 347 452 389 in
503 360 660 401 usum,
711 347 782 390 ita
831 344 894 390 ad
940 347 1136 406 imperii
1184 348 1405 406 speciem
1450 361 1633 407 magna

150 435 353 476 nomina
376 430 651 494 adquisisse
676 430 943 493 pulchrum
967 448 1024 477 ac
1049 431 1289 478 decorum
1309 449 1319 478 ε
1355 435 1427 478 ita
1451 431 1631 479 eodem

146 525 376 581 tempore
395 518 657 565 dimicasse
673 518 810 564 domi
829 535 943 565 cum
960 519 1164 576 civibus,
1181 522 1342 577 sociiS,
1356 522 1635 582 mancipiis,

149 606 506 667 gladiatoribus
544 612 754 668 totoque
796 609 932 652 inter
974 621 1027 653 se
1070 613 1248 652 senatu
1287 612 1436 668 turpe
1477 613 1631 669 atque

149 693 500 740 miserandum.
588 694 664 739 Ac
706 696 876 739 nescio
917 710 983 739 an
1021 692 1208 740 satius¹
1249 692 1402 740 fuerit
1448 693 1635 755 populo

151 781 374 827 Romano
416 780 584 827 Sicilia
622 787 676 827 et
715 779 887 826 Africa
928 787 1171 827 contento
1218 780 1388 837 fuisse,
1429 787 1518 827 aut
1556 780 1635 827 his

149 871 301 915 etiam
341 871 460 930 ipsis
503 867 711 914 carere²
748 867 1031 913 dominanti
1066 871 1116 913 in
1164 867 1310 914 Italia
1344 884 1447 925 sua,
1484 884 1634 930 quam

148 971 208 1002 eo
227 955 591 1017 magnitudinis
617 971 860 1012 crescere,
877 962 934 1001 ut
953 956 1138 1001 viribus
1164 958 1263 1001 suis
1289 955 1631 1002 conficeretur.

154 1042 297 1100 Quae
345 1046 480 1089 enim
529 1058 606 1088 res
648 1042 744 1087 alia
794 1042 964 1088 civiles
1010 1041 1202 1088 furores
1239 1045 1440 1104 peperit
1485 1058 1635 1105 quam

147 1134 331 1176 nimiae
357 1129 666 1176 felicitates?
736 1129 877 1192 Syria
913 1133 1072 1191 prima
1109 1145 1198 1175 nos
1225 1132 1356 1175 victa
1394 1133 1632 1191 corrupit,

149 1233 265 1263 mox
291 1218 513 1263 Asiatica
541 1216 838 1278 Pergameni
864 1220 996 1278 regis
1021 1216 1291 1263 hereditas.
1366 1216 1490 1263 Illae
1515 1232 1636 1279 opes

147 1312 300 1367 atque
343 1305 548 1350 divitiae
589 1304 826 1350 adflixere
867 1304 1053 1350 saeculi
1098 1320 1281 1361 mores,
1320 1320 1635 1367 mersamque

147 1396 281 1439 vitiis
340 1395 439 1438 suis
498 1395 638 1453 quasi
697 1394 898 1437 sentina
951 1407 1059 1437 rem
1118 1391 1371 1452 publicam
1429 1407 1632 1453 pessum

148 1479 350 1526 dedere.
444 1478 594 1525 Unde
635 1482 770 1525 enim
809 1478 1024 1540 populus
1066 1478 1317 1525 Romanus
1355 1495 1383 1524 a
1419 1479 1636 1525 tribunis

148 1583 292 1629 agros
318 1573 371 1613 et
396 1567 580 1613 cibaria
604 1565 855 1628 flagitaret
879 1569 973 1612 nisi
998 1581 1089 1627 per
1113 1564 1297 1612 famem
1323 1582 1471 1628 quam
1491 1565 1636 1612 luxus

148 1655 372 1701 fecerat?
446 1654 583 1698 Hinc
618 1669 739 1714 ergo
778 1652 1131 1699 Gracchanae3
1156 1656 1315 1714 prima
1339 1659 1393 1699 et
1417 1653 1638 1699 secunda

153 1748 207 1788 et
255 1741 339 1786 illa
377 1744 529 1787 tertia
572 1740 856 1801 Apuleiana
901 1739 1094 1786 seditio.
1173 1740 1323 1786 Unde
1364 1740 1636 1786 iudiciariis

147 1829 344 1890 legibus
379 1827 602 1874 divulsus
640 1825 739 1873 ab4
763 1833 942 1873 senatu
984 1843 1138 1889 eques
1177 1830 1271 1872 nisi
1316 1843 1376 1873 ex
1413 1830 1636 1884 avaritia,

148 1923 206 1962 ut
251 1915 518 1977 vectigalia
565 1917 637 1960 rei
694 1914 924 1976 publicae
979 1921 1132 1976 atque
1189 1917 1296 1976 ipsa
1347 1914 1529 1960 iudicia
1583 1917 1637 1960 in

147 2010 358 2065 quaestu
411 2002 756 2048 haberentur?
854 2002 991 2047 Hinc
1043 2001 1234 2047 Drusus
1282 2007 1336 2047 et
1395 2004 1636 2063 promissa

149 2094 322 2137 civitas
372 2089 517 2135 Latio
576 2095 629 2135 et
677 2105 767 2150 per
814 2088 910 2134 hoc
958 2104 1094 2133 arma
1142 2091 1399 2134 sociorum.
1498 2088 1634 2147 Quid

147 2178 353 2224 autem?
425 2176 569 2223 Bella
615 2175 812 2223 servilia
859 2175 996 2221 unde
1045 2176 1189 2221 nobis
1235 2178 1331 2221 nisi
1380 2191 1440 2222 ex
1479 2176 1636 2222 abun-

148 2265 321 2312 dantia
380 2263 724 2309 familiarum?
821 2262 972 2309 Unde
1027 2262 1312 2324 gladiatorii
1369 2262 1635 2309 adversum

203 2372 219 2397 ¹
248 2384 303 2410 an
325 2371 488 2410 satius:
523 2383 574 2409 ac
594 2370 702 2409 satis
722 2371 774 2409 B.
1007 2369 1022 2393 ²
1052 2381 1222 2407 carere:
1254 2381 1430 2421 parcere
1451 2370 1502 2408 B.

203 2427 222 2505 ἰ
251 2425 530 2518 ῗζῗοὲξῗειθ
549 2425 732 2464 Iahnius
750 2436 760 2463 z
792 2422 1036 2476 gracchana
1058 2427 1103 2462 et
1122 2422 1182 2462 L:
1212 2422 1433 2476 grachana
1453 2426 1499 2462 et
1518 2421 1572 2463 B.

146 2571 242 2614 214
