1802 2942
679 126 1074 177 CORNELIUS
1121 125 1341 175 NEPOS

256 259 520 306 celeritate
545 274 662 304 usus
690 265 786 313 est,
806 264 865 303 ut
888 260 1024 319 prius
1049 259 1101 302 in
1121 256 1298 302 Asiam
1321 271 1436 301 cum
1460 257 1614 317 copiis
1636 271 1749 318 per-

256 339 454 383 venerit
478 352 631 398 quam
653 337 781 398 regii
811 341 1046 396 satrapae
1079 350 1197 379 eum
1228 335 1416 379 scirent
1445 331 1747 395 profectum.

261 414 374 472 Quo
393 411 587 459 factum
613 419 692 459 est
715 419 775 458 ut
798 427 972 458 omnes
996 414 1272 473 imparatos
1296 402 1750 473 imprudentesque

207 499 231 538 3
254 490 551 538 offenderet.
621 489 683 536 Id
717 496 776 536 ut
810 491 1047 552 cognovit
1081 487 1461 550 Tissaphernes,
1496 490 1583 550 qui
1617 504 1751 534 sum-

256 585 396 615 mum
418 570 689 630 imperium
711 574 823 613 tum
846 569 981 613 inter
1006 565 1293 629 praefectos
1319 564 1547 611 habebat
1566 569 1751 629 regios,

256 646 479 693 indutias
511 662 540 691 a
571 645 774 691 Lacone
803 647 1006 707 petivit,
1036 642 1276 690 simulans
1306 659 1360 689 se
1392 643 1513 689 dare
1544 660 1750 705 operam

259 731 317 770 ut
358 723 774 769 Lacedaemoniis
814 739 929 768 cum
968 737 1091 784 rege
1131 723 1443 776 conveniret,
1481 736 1537 767 re
1577 727 1751 767 autem

258 817 378 847 vera
433 800 498 847 ad
551 803 721 862 copias
776 799 1159 861 comparandas,
1215 814 1404 861 easque
1457 800 1753 860 impetravit

209 882 590 925 4trimenstres.
660 877 853 923 Iuravit
899 883 1073 923 autem
1117 882 1337 939 uterque
1382 891 1437 922 se
1482 878 1591 922 sine
1636 875 1752 923 dolo

256 957 480 1002 indutias
502 961 934 1001 conservaturum.

326 1033 386 1079 In
429 1050 530 1096 qua
569 1036 806 1095 pactione
849 1048 1046 1078 summa
1087 1031 1187 1078 fide
1228 1034 1417 1078 mansit
1457 1030 1753 1095 Agesilaus;

259 1118 436 1158 contra
485 1127 545 1156 ea
592 1109 953 1172 Tissaphernes
1002 1108 1126 1156 nihil
1176 1108 1313 1155 aliud
1361 1125 1515 1171 quam
1563 1108 1753 1156 bellum

209 1198 233 1235 5
257 1191 583 1250 comparavit.
652 1187 714 1234 Id
737 1190 833 1233 etsi
856 1187 1113 1233 sentiebat
1137 1185 1290 1242 Laco,
1312 1193 1489 1232 tamen
1508 1189 1754 1233 iusiuran-

260 1266 382 1312 dum
409 1266 645 1311 servabat
670 1264 991 1327 multumque
1018 1267 1070 1309 in
1098 1280 1158 1310 eo
1185 1280 1239 1310 se
1266 1266 1508 1326 consequi
1532 1264 1754 1321 dicebat,

262 1343 398 1406 quod
446 1341 807 1405 Tissaphernes
858 1344 1077 1404 periurio
1128 1358 1218 1387 suo
1271 1348 1325 1387 et
1373 1340 1603 1388 homines
1652 1345 1754 1390 suis

260 1422 411 1466 rebus
454 1420 768 1467 abalienaret
810 1427 864 1466 et
906 1420 1027 1466 deos
1069 1420 1163 1465 sibi
1204 1422 1359 1465 iratos
1400 1419 1658 1475 redderet,
1699 1436 1754 1467 se

261 1505 453 1553 autem,
490 1504 787 1544 conservata
822 1497 1085 1560 religione,
1121 1496 1417 1542 confirmare
1455 1500 1754 1554 exercitum,

261 1592 376 1622 cum
429 1575 860 1621 animadverteret
913 1575 1066 1621 deum
1118 1590 1308 1620 numen
1360 1572 1528 1620 facere
1582 1591 1753 1621 secum

261 1652 592 1715 hominesque
663 1653 757 1699 sibi
833 1651 1084 1699 conciliari
1154 1654 1432 1708 amiciores,
1496 1653 1633 1714 quod
1694 1656 1755 1700 iis

261 1731 468 1777 studere
490 1736 819 1776 consuessent
841 1746 965 1792 quos
988 1745 1284 1775 conservare
1307 1729 1461 1775 fidem
1481 1730 1731 1778 viderent.

323 1807 372 1858 3.
409 1807 687 1870 Postquam
721 1807 1032 1853 indutiarum
1060 1809 1327 1868 praeteriit
1356 1807 1482 1862 dies,
1510 1807 1755 1856 barbarus

262 1902 364 1931 non
389 1885 645 1940 dubitans,
670 1885 805 1947 quod
839 1887 994 1946 ipsius
1020 1890 1167 1930 erant
1188 1883 1406 1946 plurima
1429 1883 1681 1932 domicilia
1702 1889 1755 1932 in

263 1962 411 2009 Caria
449 1970 502 2009 et
541 1979 601 2009 ea
638 1965 778 2025 regio
816 1965 873 2008 iis
912 1961 1226 2023 temporibus
1263 1960 1438 2007 «multo
1475 1963 1756 2024 putabatur

261 2039 672 2102 locupletissima,
742 2056 801 2086 eo
871 2042 1189 2102 potissimum
1258 2037 1431 2085 hostes
1501 2042 1752 2103 impetum

213 2123 236 2160 2
260 2115 499 2173 facturos,
549 2133 724 2163 omnes
775 2133 889 2163 suas
941 2119 1108 2178 copias
1161 2132 1221 2162 eo
1272 2123 1613 2164 contraxerat.
1681 2119 1756 2166 At

261 2195 529 2258 Agesilaus
569 2198 621 2240 in
661 2194 935 2258 Phrygiam
975 2210 1030 2240 se
1070 2196 1322 2240 convertit
1362 2209 1577 2257 eamque
1615 2198 1755 2258 prius

262 2272 601 2334 depopulatus
664 2279 743 2318 est
800 2288 953 2335 quam
1009 2269 1370 2333 Tissaphernes
1427 2288 1642 2334 usquam
1699 2289 1754 2320 se

261 2356 506 2398 moveret.
582 2349 776 2412 Magna
843 2349 1035 2411 praeda
1101 2348 1345 2394 militibus
1414 2347 1755 2411 locupletatis,

350 2491 366 2515 1
395 2490 484 2529 The
506 2494 743 2530 statement
763 2491 799 2530 is
820 2494 917 2530 true
939 2491 984 2530 of
1005 2490 1145 2542 Lydia
1167 2490 1313 2530 rather
1335 2490 1444 2530 than
1466 2490 1511 2530 of
1532 2490 1671 2530 Caria.

267 2558 356 2620 560
