1802 2942
631 165 1027 215 CORNELIUS
1076 165 1297 213 NEPOS

222 293 322 342 cles
344 311 472 341 unus
491 297 685 341 restitit
707 301 760 340 et
780 297 1036 340 universos
1057 309 1205 356 pares
1228 308 1337 339 esse
1358 308 1505 354 posse
1527 291 1717 348 aiebat,

223 371 471 434 dispersos
498 373 788 418 testabatur
813 374 1080 434 perituros,
1106 370 1261 432 idque
1287 369 1583 432 Eurybiadi,
1607 372 1718 433 regi

223 448 759 504 Lacedaemoniorum,
798 451 884 511 qui
921 455 1034 494 tum
1072 463 1300 494 summae
1337 449 1536 509 imperii
1572 462 1718 509 prae-

171 533 196 572 3
223 533 349 581 erat,
403 525 511 572 fore
567 526 886 573 adfirmabat.
955 525 1123 584 Quem
1177 541 1291 570 cum
1343 527 1509 570 minus
1564 540 1718 586 quam

223 603 377 649 vellet
418 611 664 659 moveret,
706 610 862 650 noctu
902 603 966 649 de
1008 605 1160 649 servis
1203 605 1302 648 suis
1345 617 1499 664 quem
1538 600 1718 647 habuit

223 680 569 727 fidelissimum
612 681 677 727 ad
716 697 892 744 regem
933 683 1087 736 misit,
1128 686 1188 725 ut
1229 682 1275 725 ei
1315 682 1578 725 nuntiaret
1617 681 1718 724 31113

171 764 198 801 4
221 758 384 803 verbis
421 758 730 804 adversarios
767 761 872 804 eius
907 760 959 803 in
992 756 1116 820 fuga
1151 773 1288 803 esse:
1342 759 1428 819 qui
1461 759 1501 802 si
1536 756 1719 802 disces-

224 837 424 891 sissent,
454 838 644 881 maiore
675 852 790 881 cum
819 835 992 881 labore
1025 841 1079 880 et
1107 834 1457 897 longinquiore
1487 840 1718 895 tempore

223 912 413 958 bellum
449 911 815 967 confecturum,
852 929 967 958 cum
1002 911 1223 975 singulos
1259 913 1538 957 consectari
1573 926 1720 974 coge-

222 997 390 1044 retur3
442 1006 565 1052 quos
598 993 638 1036 si
669 993 845 1036 statim
877 989 1261 1053 aggrederetur,
1291 989 1432 1035 brevi
1462 991 1719 1035 universos

224 1083 594 1128 oppressurum.
665 1067 776 1113 Hoc
839 1083 898 1114 eo
960 1067 1182 1122 valebat,
1244 1073 1303 1112 ut
1363 1069 1592 1129 ingratiis
1655 1065 1721 1113 ad

171 1153 197 1190 5
223 1144 621 1208 depugnandum
666 1161 839 1191 omnes
885 1151 1203 1208 cogerentur.
1273 1143 1384 1190 Hac
1427 1160 1482 1190 re
1527 1143 1719 1199 audita,

223 1222 483 1277 barbarus,
506 1222 630 1267 nihil
653 1222 754 1268 doli
777 1222 983 1268 subesse
1007 1222 1235 1276 credens,
1257 1221 1501 1284 postridie
1525 1221 1721 1267 alienis-

224 1302 348 1344 simo
379 1300 472 1345 sibi
501 1299 627 1354 loco,
657 1307 834 1345 contra
862 1302 1285 1361 opportunissimo
1315 1298 1562 1354 hostibus,
1592 1298 1719 1345 adeo

224 1383 441 1439 angusto
485 1380 612 1422 mari
657 1376 899 1433 conflixit,
944 1383 1003 1423 ut
1048 1379 1153 1422 eius
1198 1376 1473 1423 multitudo
1516 1379 1720 1422 navium

225 1453 464 1515 explicari
489 1471 590 1500 non
614 1457 856 1516 potuerit.
925 1453 1100 1500 Victus
1127 1470 1248 1517 ergo
1275 1461 1353 1500 est
1376 1456 1538 1517 magis
1564 1456 1720 1500 etiam

223 1531 427 1577 consilio
456 1531 782 1578 Themistocli
803 1532 823 1561 1
853 1548 1006 1594 quam
1035 1534 1184 1577 armis
1214 1530 1475 1577 Graeciae.

286 1607 334 1657 5.
371 1608 468 1655 Hic
523 1612 619 1655 etsi
671 1608 804 1655 male
857 1625 966 1655 rem
1019 1615 1265 1672 gesserat,
1319 1615 1496 1655 tamen
1547 1614 1719 1655 tantas

223 1684 450 1732 habebat
478 1686 714 1749 reliquias
746 1689 1020 1748 copiarum,
1050 1693 1110 1732 ut
1140 1689 1296 1732 etiam
1326 1693 1438 1732 tum
1466 1688 1526 1732 iis
1555 1689 1722 1749 oppri-

222 1779 363 1809 mere
427 1771 600 1826 posset
663 1763 851 1810 hostes.
922 1763 1118 1810 Iterum
1183 1764 1247 1810 ab
1313 1763 1495 1810 eodem
1558 1764 1721 1827 gradu

225 1840 462 1902 depulsus
494 1848 587 1887 est.
657 1840 789 1887 Nam
817 1840 1199 1896 Themistocles,
1228 1856 1406 1887 verens
1435 1857 1501 1887 ne
1529 1841 1720 1888 bellare

223 1925 590 1979 perseveraret,
632 1921 900 1964 certiorem
942 1934 1059 1964 eum
1098 1916 1222 1964 fecit
1260 1918 1315 1964 id
1355 1921 1454 1981 agi,
1495 1925 1554 1965 ut
1592 1933 1719 1981 pons

225 2011 378 2057 quem
420 1995 504 2041 ille
548 1999 600 2041 in
645 1995 979 2058 Hellesponto
1023 1994 1218 2041 fecerat
1262 1995 1619 2042 dissolveretur
1663 2012 1721 2043 ac

174 2078 199 2116 2
222 2073 392 2119 reditu
430 2076 481 2119 in
521 2073 696 2119 Asiam
737 2073 1109 2128 excluderetur,
1154 2072 1309 2135 idque
1359 2075 1404 2119 ei
1450 2076 1717 2135 persuasit.

226 2149 409 2213 Itaque
441 2167 541 2213 qua
570 2167 660 2197 sex
689 2151 945 2197 mensibus
974 2153 1074 2197 iter
1102 2148 1313 2206 fecerat,
1345 2150 1525 2197 eadem
1553 2153 1718 2198 minus

285 2267 303 2292 ²
331 2267 629 2315 Themistocli,
650 2269 686 2308 A
705 2283 715 2315 3
748 2267 862 2315 -clei,
883 2268 945 2315 P;
984 2266 1302 2314 Themistoclis,
1325 2267 1390 2308 the
1411 2268 1522 2308 other
1542 2267 1676 2307 MSS.

287 2397 303 2420 1
332 2396 387 2435 In
408 2397 512 2435 xvii.
536 2399 574 2435 4.
592 2398 618 2435 4
640 2397 786 2448 Nepos
807 2397 926 2447 gives
948 2397 1024 2436 the
1045 2397 1152 2436 time
1174 2409 1221 2435 as
1243 2409 1270 2434 a
1291 2408 1407 2447 year.
1456 2395 1501 2435 It
1522 2395 1717 2448 actually

228 2463 315 2489 was
335 2451 434 2489 four
453 2451 630 2490 months
648 2451 775 2500 (Hdt.
791 2451 879 2490 viij.
902 2452 974 2501 51)
995 2451 1082 2490 and
1101 2450 1177 2490 the
1196 2454 1348 2490 return
1365 2449 1475 2490 took
1490 2449 1717 2502 forty-five

229 2505 337 2555 days
364 2504 438 2554 (id.
466 2505 553 2543 viii.
585 2506 695 2544 1153.

231 2594 314 2641 39⁴1
