1802 2942
653 134 1048 183 CORNELIUS
1092 133 1313 183 NEPOS

225 260 363 308 fama
387 262 453 309 ad
475 278 590 308 suos
614 265 924 324 perveniret,
947 278 1013 309 ne
1036 265 1243 326 cognita
1267 261 1355 307 filii
1378 269 1544 309 morte
1569 264 1723 309 animi

177 362 201 399 2
225 355 618 403 debilitarentur
654 356 891 403 militum.
961 355 1075 414 Quo
1115 355 1453 403 contenderat
1490 359 1725 419 pervenit

227 453 390 513 iisque
424 450 544 497 locis
580 457 747 497 castra
780 453 943 513 ponit,
977 457 1037 497 ut
1071 467 1240 513 neque
1275 453 1524 497 circumiri
1555 450 1726 499 multi-

227 545 408 592 tudine
418 546 818 592 adversariorum
833 552 1008 608 posset
1023 561 1193 608 neque
1209 545 1444 607 impediri
1460 548 1725 608 quominus

228 642 338 702 ipse
365 640 431 687 ad
456 640 800 687 dimicandum
824 657 1033 687 manum
1057 638 1277 686 haberet
1301 640 1615 702 expeditam.

180 743 205 782 3
292 734 420 781 Erat
437 752 553 781 cum
572 751 632 781 eo
653 733 1116 790 Mithrobarzanes,
1134 750 1276 781 socer
1294 737 1420 791 eius,
1436 733 1727 796 praefectus

231 830 480 891 equitum.
550 827 618 884 Is,
667 828 951 890 desperatis
1000 830 1177 891 generi
1223 828 1396 884 rebus,
1445 828 1510 874 ad
1556 827 1728 876 hostes

231 921 525 986 transfugit.
594 922 656 970 Id
706 922 956 969 Datames
1007 929 1066 969 ut
1117 922 1329 978 audivit,
1379 925 1538 969 sensit
1587 925 1629 969 si
1677 926 1729 969 in

233 1017 438 1064 turbam
459 1020 649 1063 exisset
669 1017 732 1063 ab
751 1016 956 1063 homine
976 1023 1085 1063 tam
1104 1019 1387 1063 necessario
1407 1033 1461 1063 se
1478 1016 1730 1074 relictum,

184 1119 209 1155 4
233 1110 463 1158 futurum
489 1118 548 1158 ut
573 1114 731 1158 ceteri
757 1111 1019 1158 consilium
1045 1118 1397 1174 sequerentur.
1466 1110 1529 1157 In
1551 1111 1730 1175 vulgus

237 1206 344 1253 edit
406 1223 496 1253 suo
558 1209 696 1252 iussu
761 1205 1232 1252 Mithrobarzanem
1293 1204 1581 1268 profectum
1640 1223 1731 1270 pro

237 1299 469 1364 perfuga,
490 1317 589 1362 quo
609 1299 804 1346 facilius
823 1306 1060 1363 receptus
1080 1299 1395 1346 interficeret
1411 1299 1584 1347 hostes
1601 1316 1613 1356 3
1632 1317 1733 1364 qua

236 1411 291 1441 re
328 1395 545 1457 relinqui
585 1411 702 1441 eum
739 1411 831 1457 par
868 1411 969 1441 non
1009 1410 1119 1441 esse
1158 1400 1214 1441 et
1251 1410 1426 1440 omnes
1464 1393 1732 1442 confestim

237 1492 396 1552 sequi.
465 1489 617 1548 Quod
642 1492 682 1536 si
709 1492 876 1536 animo
902 1496 1111 1536 strenuo
1136 1487 1395 1545 fecissent,
1420 1487 1651 1536 futurum
1674 1497 1734 1538 ut

238 1585 510 1632 adversarii
534 1601 636 1631 non
658 1591 869 1646 possent
891 1587 1147 1640 resistere,
1171 1600 1287 1630 cum
1313 1590 1367 1631 et
1389 1587 1525 1631 intra
1547 1584 1733 1633 vallum

187 1690 212 1726 5
238 1687 291 1726 et
338 1678 457 1725 foris
505 1679 857 1725 caederentur.
928 1677 1039 1725 Hac
1085 1695 1140 1725 re
1187 1679 1405 1741 probata
1452 1682 1733 1726 exercitum

240 1773 428 1829 educit,
478 1772 947 1819 Mithrobarzanem
992 1775 1333 1836 persequitur,
1376 1776 1462 1836 qui
1508 1790 1623 1820 cum
1669 1775 1733 1822 ad

189 1876 213 1914 6
235 1867 409 1914 hostes
424 1874 747 1929 pervenerat,
765 1867 1014 1914 Datames
1030 1870 1175 1931 signa
1192 1866 1367 1914 inferri
1383 1867 1544 1914 iubet.
1611 1868 1734 1916 Pisi-

239 1963 354 2018 dae,
400 1979 530 2009 nova
574 1979 630 2008 re
676 1965 933 2019 commoti,
979 1965 1031 2008 in
1077 1965 1367 2025 opinionem
1414 1962 1735 2011 adducuntur

238 2055 478 2120 perfugas
510 2056 645 2103 mala
677 2056 776 2103 fide
809 2060 1191 2119 compositoque
1223 2055 1420 2112 fecisse,
1451 2062 1512 2103 ut
1539 2061 1732 2120 recepti

237 2154 415 2198 maiori
455 2158 627 2198 essent
664 2152 960 2198 calamitati.
1029 2150 1254 2198 Primum
1293 2166 1377 2197 eos
1420 2149 1731 2199 adoriuntur.

241 2244 320 2291 Illi
348 2261 463 2291 cum
494 2244 616 2307 quid
646 2251 885 2307 ageretur
915 2250 1005 2290 aut
1034 2260 1135 2306 qua
1162 2260 1217 2290 re
1247 2243 1395 2290 fieret
1422 2246 1733 2306 ignorarent,

238 2341 401 2385 coacti
427 2344 547 2384 sunt
573 2354 688 2383 cum
724 2340 782 2384 iis
817 2353 1046 2400 pugnare
1074 2337 1140 2384 ad
1166 2353 1291 2400 quos
1318 2340 1643 2393 transierant,
1668 2337 1733 2384 ab

238 2435 400 2496 iisque
441 2439 578 2479 stare
620 2449 745 2496 quos
784 2431 1126 2495 reliquerant3
1185 2431 1367 2495 quibus
1409 2447 1524 2478 cum
1563 2433 1732 2478 neutri

241 2570 330 2617 520
