1802 2942
578 188 632 235 L.
683 187 1020 235 ANNAEUS
1070 186 1341 234 FLORUS

214 318 424 364 consilio
465 335 522 363 ac
564 333 630 364 ne
668 320 960 378 imaginaria
1001 315 1206 378 quidem
1249 315 1371 361 belli
1405 314 1702 372 indictione,

213 419 357 478 quasi
403 415 497 460 hoc
546 430 744 476 quoque
794 430 856 460 ex
903 419 1011 458 arte
1059 412 1199 458 ducis
1256 418 1390 458 esset
1443 413 1702 474 obrepere,

155 521 182 561 ‘3
219 513 394 560 relicta
451 519 664 574 repente
714 511 854 574 Syria
901 515 953 556 in
1004 510 1212 556 Parthos
1265 514 1515 571 impetum
1561 509 1699 556 facit.

218 612 355 657 Gens
412 617 613 672 praeter
663 626 912 654 armorum
972 607 1203 653 fiduciam
1263 607 1443 653 callida
1501 607 1704 654 simulat

215 709 607 771 trepidationem
645 714 698 753 et
733 710 784 752 in
821 723 1020 768 campos
1057 705 1241 767 fugam.
1316 704 1384 751 Et
1419 704 1501 750 hie
1533 707 1705 751 statim

217 811 356 869 quasi
404 810 561 852 vietor
620 806 940 867 sequebatur,
995 819 1108 849 cum
1168 804 1334 848 subito
1380 818 1476 847 nec
1522 819 1706 864 magna

216 920 390 949 manus
416 919 477 950 ex
502 906 753 964 inproviso
780 908 833 947 et
856 905 954 946 iam
980 899 1067 945 in1
1092 899 1248 946 fessos
1273 903 1352 945 via
1375 900 1467 945 sub
1491 915 1703 961 vespere

218 1002 357 1048 velut
381 1002 579 1046 nimbus
605 1003 785 1061 erupit.
861 999 1025 1044 Missis
1056 998 1281 1060 undique
1312 1000 1510 1059 sagittis
1547 993 1706 1043 duas²

159 1109 182 1145 4
217 1099 442 1161 legiones
484 1103 808 1160 operuerunt.
882 1095 1022 1141 Nihil
1064 1095 1319 1141 acciderat
1359 1098 1412 1140 in
1454 1111 1707 1156 compara-

218 1202 410 1244 tionem
459 1196 629 1252 cladis‚
674 1211 801 1258 quae
845 1198 897 1239 in
940 1201 1199 1256 posterum
1237 1193 1375 1240 diem
1410 1194 1706 1250 inminebat,

218 1299 314 1341 nisi
350 1297 708 1340 intervenisset
746 1292 899 1338 deum
941 1295 1209 1337 miseratio.
1285 1290 1429 1337 Unus
1466 1306 1529 1336 ex
1565 1290 1707 1336 clade

221 1394 475 1439 Crassiana
510 1391 741 1437 Parthico
778 1390 954 1436 habitu
979 1392 1151 1435 castris
1176 1388 1440 1451 adequitat
1465 1394 1518 1434 et
1543 1388 1705 1434 salute

222 1491 401 1537 Latine
433 1490 561 1547 data,
592 1506 706 1534 cum
742 1488 893 1534 fidem
929 1491 1036 1549 ipso
1073 1503 1303 1533 sermone
1340 1486 1562 1542 fecisset,
1587 1485 1708 1548 quid

164 1598 188 1635 5
227 1590 497 1635 inmineret
546 1587 778 1641 edocuit3
837 1590 936 1631 iam
977 1584 1271 1631 adfuturum
1313 1601 1428 1630 cum
1474 1585 1707 1630 omnibus

222 1691 375 1748 copiis
414 1701 621 1747 regem3
658 1689 793 1730 irent
830 1690 966 1730 retro
1008 1689 1346 1745 peterentque
1383 1685 1605 1728 montis:
1640 1685 1709 1727 sic

222 1800 420 1847 quoque
468 1783 663 1828 hostem
714 1781 924 1827 fortasse
977 1797 1079 1826 non
1135 1779 1322 1826 defore.
1413 1779 1586 1842 Atque
1639 1783 1711 1825 ita

222 1888 394 1927 secuta
447 1887 524 1926 est
575 1883 738 1925 minor
784 1883 855 1924 vis
909 1878 1129 1924 hostium
1186 1893 1336 1940 quam
1395 1877 1707 1931 inminebat3

164 1986 188 2024 6
223 1978 386 2025 adfuit
413 1985 599 2026 tamen.
673 1976 889 2023 Deletae
926 1975 1149 2038 reliquae
1186 1979 1358 2036 copiae
1395 1973 1581 2031 forent,
1612 1977 1708 2021 nisi

223 2077 555 2139 urguentibus
580 2075 696 2121 telis
721 2078 773 2120 in
803 2074 1008 2120 modum
1044 2073 1301 2135 grandinis
1337 2071 1542 2134 quidam
1577 2071 1710 2119 forte

223 2177 363 2236 quasi
388 2173 523 2218 docti
554 2173 937 2234 procubuissent
973 2174 1024 2216 in
1060 2187 1226 2232 genua
1249 2170 1450 2228 milites,
1479 2175 1533 2215 et
1558 2168 1706 2216 elatis

224 2288 371 2333 supra
395 2274 558 2331 capita
585 2273 736 2316 scutis
762 2285 1018 2314 caesorum
1055 2271 1274 2330 speciem
1293 2266 1314 2296 3
1338 2267 1704 2329 praebuissent.

171 2375 193 2414 7
229 2368 371 2414 Tunc
399 2367 612 2413 Parthus
643 2383 784 2412 arcus
821 2365 1054 2412 inhibuit.
1131 2364 1266 2411 Dein
1303 2380 1470 2410 rursus
1507 2380 1621 2410 cum
1656 2380 1709 2411 se

446 2494 460 2517 ¹
489 2494 535 2533 in
555 2507 632 2534 om.
654 2495 705 2533 B.
1111 2493 1126 2516 ²
1156 2491 1290 2532 duas:
1321 2504 1422 2531 suas
1441 2491 1495 2531 B.

700 2548 716 2572 ³
746 2548 960 2598 speciem:
993 2546 1135 2598 specie
1154 2546 1205 2586 B.

224 2619 319 2664 320
