1802 2942
640 153 1036 205 CORNELIUS
1081 152 1303 202 NEPOS

221 285 472 349 praesidio
515 283 643 340 fuit3
705 300 736 330 a
781 283 964 347 quibus
1006 298 1196 346 magna
1238 282 1458 329 donatus
1497 284 1715 345 pecunia

172 364 196 402 3
218 356 438 417 patriam
482 351 782 398 sublevavit.
849 351 1025 413 Atque
1069 353 1122 396 in
1165 348 1262 396 hoc
1303 349 1430 396 illud
1469 352 1714 412 imprimis

222 420 322 467 fuit
352 418 665 474 admirabile,
699 435 814 464 cum
842 420 1067 463 maxima
1095 432 1309 463 munera
1341 419 1388 463 ei
1418 417 1483 463 ab
1510 417 1714 481 regibus

223 505 281 534 ac
319 488 547 550 dynastis
585 486 979 548 civitatibusque
1015 482 1385 539 conferrentur,
1421 483 1559 546 quod
1592 482 1717 530 nihil

223 571 466 617 umquam
521 553 729 600 domum
781 569 926 598 suam
977 550 1213 606 contulit,
1266 550 1391 597 nihil
1443 551 1508 598 de
1561 553 1716 607 victu,

173 629 199 667 4
221 622 346 668 nihil
385 622 450 668 de
491 623 681 667 vestitu
723 619 984 666 Laconum
1021 621 1259 665 mutavit.
1326 617 1494 665 Domo
1535 618 1717 665 eadem

224 689 323 736 fuit
345 695 616 735 contentus
642 704 743 750 qua
764 685 1133 750 Eurysthenes,
1154 688 1451 748 progenitor
1470 688 1717 732 maiorum

224 773 447 811 suorum,
494 754 665 801 fuerat
711 768 859 808 usus;
925 769 1080 816 quam
1128 755 1215 816 qui
1260 756 1479 799 intrarat
1524 752 1718 799 nullum

224 827 426 886 signum
472 821 711 876 libidinis,
758 820 953 867 nullum
999 820 1230 866 luxuriae
1277 820 1450 866 videre
1494 826 1718 882 poterat,

225 898 403 937 contra
451 906 512 936 ea
558 889 776 951 plurima
822 891 1106 950 patientiae
1154 894 1312 949 atque
1359 887 1716 934 abstinentiae.

226 957 306 1004 Sic
343 959 478 1004 enim
515 963 626 1002 erat
658 959 925 1011 instructa,
957 961 1017 1001 ut
1050 957 1103 1000 in
1137 953 1276 1001 nulla
1305 970 1361 1000 re
1392 953 1620 1001 differret
1653 955 1720 1001 al

227 1027 442 1072 cuiusvis
462 1026 625 1086 inopis
648 1030 806 1085 atque
825 1025 1026 1085 privati.

273 1091 320 1142 8.
358 1092 533 1154 Atque
562 1090 643 1136 hic
671 1096 847 1136 tantus
878 1092 954 1135 vir
984 1096 1044 1136 ut
1074 1095 1312 1135 naturam
1334 1086 1605 1135 fautricem
1632 1087 1721 1135 ha-

225 1160 411 1206 buerat
439 1162 492 1204 in
521 1157 805 1204 tribuendis
836 1159 990 1203 animi
1019 1156 1310 1211 virtutibus,
1339 1158 1410 1202 sic
1437 1155 1721 1202 maleficam

228 1233 407 1273 nactus
455 1232 533 1271 est
577 1228 630 1270 in
675 1240 883 1286 corpore
928 1223 1196 1286 fingendo3
1259 1239 1378 1268 nam
1425 1229 1480 1269 et
1523 1229 1722 1270 statura

227 1292 327 1340 fuit
350 1292 528 1339 humili
553 1299 607 1338 et
631 1307 838 1354 corpore
865 1293 1049 1354 exiguo
1075 1297 1130 1336 et
1153 1289 1361 1336 claudus
1386 1289 1547 1336 altero
1569 1290 1719 1353 pede.

228 1360 375 1419 Quae
404 1376 484 1406 res
516 1362 673 1405 etiam
701 1357 995 1405 nonnullam
1025 1356 1294 1404 adferebat
1323 1356 1721 1413 deformitatem,

230 1435 387 1490 atque
403 1430 583 1491 ignoti,
602 1425 785 1472 faciem
806 1429 912 1471 eius
937 1441 1053 1471 cum
1069 1427 1410 1480 intuerentur,
1429 1431 1723 1471 contemne-

229 1496 384 1549 bant3
446 1497 532 1557 qui
576 1500 750 1540 autem
792 1495 1008 1539 virtutes
1049 1499 1299 1538 noverant
1338 1508 1441 1538 non
1481 1498 1723 1554 poterant

181 1570 204 1607 2
228 1562 464 1609 admirari
504 1564 642 1607 satis.
710 1560 861 1618 Quod
903 1562 950 1606 ei
988 1575 1083 1605 usu
1122 1562 1281 1615 venit,
1321 1575 1436 1605 cum
1477 1575 1722 1613 annorum

231 1629 423 1676 LXXX
448 1628 669 1675 subsidio
694 1626 863 1673 Tacho
887 1630 939 1672 in
964 1627 1264 1690 Aegyptum
1286 1629 1429 1672 iisset
1454 1633 1508 1673 et
1531 1629 1584 1672 in
1608 1633 1723 1673 acta

230 1713 346 1743 cum
394 1699 493 1742 suis
543 1695 862 1742 accubuisset
908 1697 1017 1740 sine
1065 1693 1167 1740 ullo
1214 1700 1355 1740 tecto
1402 1699 1722 1756 stratumque

229 1763 446 1809 haberet
476 1762 599 1818 tale,
631 1768 690 1808 ut
721 1768 860 1808 terra
889 1768 1032 1807 tecta
1063 1767 1200 1807 esset
1231 1763 1523 1807 stramentis
1554 1776 1723 1824 neque

230 1829 329 1876 huc
377 1829 589 1892 amplius
637 1845 791 1891 quam
837 1828 981 1890 pellis
1024 1835 1160 1874 esset
1195 1830 1401 1883 iniecta,
1439 1828 1723 1891 eodemque

230 1900 442 1943 comites
488 1912 663 1943 omnes
710 1896 1064 1942 accubuissent
1108 1897 1299 1941 vestitu
1344 1893 1522 1941 humili
1566 1902 1723 1959 atque

232 1964 478 2018 obsoleto,
512 1970 571 2010 ut
605 1979 779 2009 eorum
813 1969 1020 2009 ornatus
1054 1978 1156 2008 non
1187 1961 1339 2008 modo
1371 1965 1424 2008 in
1455 1965 1515 2008 iis
1547 1978 1723 2025 regem

230 2034 488 2078 neminem
523 2030 848 2093 significaret,
883 2029 974 2076 sed
1007 2028 1236 2076 homines
1271 2045 1373 2075 non
1405 2029 1723 2077 beatissimos

233 2114 342 2145 esse
364 2101 700 2160 suspicionem
719 2097 1008 2159 praeberet.
1033 2098 1038 2103 “

183 2172 207 2212 3
295 2164 458 2211 Huius
477 2165 539 2211 de
559 2165 783 2211 adventu
801 2162 939 2210 fama
957 2180 1073 2210 cum
1092 2163 1158 2210 ad
1168 2165 1338 2229 ‘regios
1356 2170 1492 2210 esset
1507 2163 1723 2227 perlata,

232 2232 465 2278 celeriter
502 2247 715 2278 munera
755 2247 815 2277 eo
854 2234 1097 2293 cuiusque
1136 2233 1338 2293 generis
1376 2237 1496 2278 sunt
1535 2231 1721 2279 adlata.

776 2346 794 2371 ²
821 2360 862 2394 a,
884 2346 1015 2387 added
1034 2346 1084 2397 by
1106 2346 1240 2387 Cobet.

295 2455 312 2480 1
460 2456 484 2463 ..

294 2509 310 2533 ²
339 2455 560 2560 {2233ssAE
581 2456 667 2548 §aas
689 2508 734 2548 of
754 2508 828 2548 the
847 2508 933 2548 line
955 2508 998 2548 of
1019 2508 1203 2555 Procles,
1223 2512 1302 2549 not
1322 2508 1628 2560 Eurysthenes.

234 2599 325 2647 570
