1802 2942
655 162 1050 213 CORNELIUS
1096 162 1317 212 NEPOS

228 292 410 348 fuerit,
436 296 477 339 si
503 292 748 339 divinatio
775 291 1080 354 appellanda
1105 299 1185 339 est
1209 298 1462 354 perpetua
1484 291 1730 340 naturalis

236 361 457 415 bonitas,
489 375 622 422 quae
654 358 803 405 nullis
836 359 1034 405 casibus
1067 362 1238 421 agitur
1267 374 1436 421 neque
1466 362 1728 408 minuitur.

181 434 213 472 2
238 426 412 473 Hostis
468 427 722 472 Antonius
777 426 1029 473 iudicatus
1086 425 1238 472 Italia
1290 433 1542 481 cesserat3
1612 443 1728 489 spes

236 493 542 540 restituendi
571 493 709 539 nulla
739 500 866 540 erat.
935 492 1049 539 Non
1077 492 1240 539 solum
1267 495 1474 549 inimici,
1502 496 1590 556 qui
1617 501 1730 540 tum

229 567 386 607 erant
415 563 757 622 potentissimi
790 567 843 606 et
873 559 1094 622 plurimi,
1125 561 1216 607 sed
1248 562 1405 605 etiam
1437 563 1523 622 qui
1554 560 1731 607 adver-

227 630 378 674 sariis
424 630 530 674 eius
575 643 629 673 se
674 627 869 674 dabant
913 634 967 673 et
1009 630 1062 673 in
1107 643 1167 673 eo
1211 627 1462 673 laedendo
1506 626 1729 690 aliquam

226 701 594 741 ¹consecuturos
663 695 942 756 sperabant
1009 694 1448 749 commoditatem,
1517 695 1731 742 Antonii

227 761 508 807 familiares
540 762 959 824 insequebantur,
992 777 1204 807 uxorem
1237 761 1466 807 Fulviam
1497 763 1729 809 omnibus

229 829 387 874 rebus
421 828 636 890 spoliare
668 829 962 890 cupiebant,
993 827 1177 874 liberos
1211 831 1369 874 etiam
1401 832 1729 892 exstinguere

237 897 504 958 parabant.

181 969 212 1008 3
298 963 502 1008 Atticus
519 978 634 1008 cum
651 961 903 1008 Ciceronis
919 964 1099 1008 intima
1114 959 1462 1008 familiaritate
1478 969 1728 1019 uteretur,

238 1032 565 1075 amicissimus
597 1036 734 1075 esset
762 1029 939 1084 Bruto,
968 1045 1070 1075 non
1099 1029 1250 1075 modo
1279 1027 1405 1075 nihil
1432 1032 1490 1075 iis
1520 1029 1730 1077 indulsit

229 1097 303 1143 ad
335 1098 619 1142 Antonium
649 1095 958 1150 violandum,
990 1096 1082 1142 sed
1115 1112 1141 1141 e
1174 1099 1426 1142 contrario
1457 1095 1728 1144 familiares

230 1167 344 1209 ‘eius
387 1180 450 1209 ex
490 1164 616 1210 urbe
654 1161 1024 1226 profugientes,
1064 1170 1315 1225 quantum
1352 1166 1541 1225 potuit,
1577 1167 1730 1220 texit,

185 1238 212 1274 4
236 1232 417 1293 quibus
435 1231 586 1276 rebus
603 1230 953 1293 indiguerunt,
972 1230 1180 1276 adiuvit.
1250 1229 1305 1276 P.
1325 1246 1443 1276 vero
1462 1229 1730 1278 Volumnio

239 1314 299 1343 ea
318 1298 517 1352 tribuit,
538 1304 596 1343 ut
615 1297 761 1359 plura
782 1314 811 1342 a
830 1304 1045 1359 parente
1065 1296 1311 1359 proficisci
1329 1314 1431 1343 non
1450 1301 1728 1359 potuerint.

232 1364 342 1426 Ipsi
367 1372 543 1410 autem
569 1364 794 1420 Fulviae,
818 1381 934 1410 cum
958 1364 1131 1410 litibus
1157 1364 1488 1410 distineretur
1510 1368 1732 1427 magnis-

228 1448 337 1494 ‹que
377 1432 653 1477 terroribus
693 1438 983 1486 vexaretur,
1023 1438 1171 1477 tanta
1211 1431 1476 1494 diligentia
1513 1431 1730 1478 officium

227 1515 384 1544 suum
417 1501 694 1560 praestitit,
728 1505 787 1544 ut
820 1497 1014 1544 nullum
1045 1498 1131 1544 illa
1160 1502 1363 1545 steterit
1386 1498 1730 1546 vadimonium

237 1569 344 1612 sine
374 1566 567 1620 Attico,
597 1566 801 1611 Atticus
822 1565 842 1596 1
870 1581 1079 1627 sponsor
1107 1568 1332 1611 omnium
1359 1581 1529 1611 rerum
1557 1564 1728 1613 fuerit.

180 1640 210 1678 ὅ
237 1632 371 1691 Quin
392 1636 566 1687 etiam,
585 1649 701 1678 cum
718 1632 804 1678 illa
821 1630 1038 1679 fundum
1056 1632 1279 1679 secunda
1297 1630 1503 1678 fortuna
1523 1636 1730 1680 emisset

237 1703 289 1745 in
330 1700 467 1746 diem
507 1715 676 1762 neque
717 1705 833 1761 post
873 1699 1221 1745 calamitatem
1261 1715 1520 1745 versuram
1559 1698 1729 1747 facere

230 1770 505 1829 potuisset,
519 1766 604 1812 ille
620 1782 674 1812 se
689 1769 996 1828 interposuit
1010 1769 1382 1828 pecuniamque
1398 1769 1505 1813 sine
1521 1765 1729 1813 faenore

228 1837 448 1896 ¹sineque
482 1833 583 1879 ulla
616 1832 945 1895 stipulatione
979 1833 1212 1888 credidit,
1244 1835 1524 1880 maximum
1556 1836 1730 1898 existi—

230 1917 380 1946 mans
446 1907 717 1962 quaestum
781 1916 1060 1947 memorem
1123 1907 1431 1963 gratumque
1495 1903 1728 1964 cognosci

229 1967 487 2030 simulque
517 1965 782 2029 aperiens²
820 1983 874 2014 se
904 1984 1003 2014 non
1033 1965 1288 2023 fortunae,
1317 1967 1408 2014 sed
1441 1965 1727 2016 hominibus

238 2034 399 2081 solere
427 2050 537 2080 esse
564 2037 797 2081 amicum.

181 2107 214 2147 ἱ6
304 2100 450 2160 Quae
494 2118 609 2148 cum
650 2100 892 2156 faciebat,
934 2117 1085 2148 nemo
1130 2117 1248 2148 eum
1289 2104 1534 2164 temporis
1576 2119 1728 2150 causa

237 2166 404 2214 facere
423 2175 629 2230 poterat
649 2171 940 2215 existimare
958 2183 969 2223 3
1005 2171 1196 2215 nemini
1215 2171 1351 2215 enim
1368 2172 1420 2215 in
1438 2171 1727 2232 opinionem

186 2242 211 2280 37
237 2236 475 2282 veniebat
512 2236 795 2282 Antonium
831 2251 1000 2282 rerum
1036 2239 1336 2298 potiturum.
1403 2235 1505 2284 Sed
1539 2239 1726 2284 sensim

415 2344 431 2369 1
459 2344 648 2390 Atticus,
670 2344 803 2383 added
823 2343 874 2395 by
895 2343 1098 2391 Lambin3
1137 2344 1220 2391 hic,
1242 2344 1412 2384 Rosius.

413 2398 429 2422 ²
457 2399 668 2450 aperiens,
692 2397 1172 2450 Hofman-Peerllcamp3
1213 2399 1392 2450 aperire,
1417 2397 1552 2439 MSS.

441 2532 457 2557 ²
487 2533 555 2572 He
577 2537 693 2573 went
715 2538 762 2574 to
783 2534 875 2585 join
898 2533 1085 2586 Lepidus
1106 2534 1152 2573 in
1174 2532 1388 2585 Cisalpine
1410 2532 1536 2573 Gaul.

231 2604 328 2650 668
