1802 2942
642 165 1036 216 CORNELIUS
1083 165 1303 215 NEPOS

290 295 338 347 2.
369 295 437 341 Hi
473 312 648 342 omnes
667 294 775 343 fere
794 294 1026 342 Athenas
1051 311 1106 342 se
1129 294 1471 352 contulerant,
1488 311 1590 342 non
1613 310 1713 358 quo

218 370 556 426 sequerentur
578 366 757 419 otium,
779 363 872 410 sed
893 370 970 419 ut,
993 379 1147 425 quem
1166 363 1188 394 1
1211 379 1275 409 ex
1296 365 1527 425 proximo
1547 362 1714 416 locum

219 428 320 476 fors
366 429 654 486 obtulisset,
699 446 759 477 eo
803 433 1024 492 patriam
1066 446 1368 492 recuperare
1409 432 1712 478 niterentur.

170 502 195 540 2
218 496 421 559 Itaque,
447 514 561 544 cum
599 505 803 559 tempus
843 504 922 543 est
958 500 1121 543 visum
1157 500 1231 543 rei
1267 497 1544 560 gerendae,
1580 513 1714 544 com-

218 567 442 610 muniter
477 581 592 610 cum
627 568 685 611 iis
722 567 809 627 qui
842 563 1030 611 Thebis
1064 564 1202 611 idem
1241 564 1538 610 sentiebant
1576 564 1712 612 diem

218 631 524 694 delegerunt
568 632 634 678 ad
676 634 904 678 inimicos
948 631 1306 694 opprimendos
1349 634 1713 694 civitatemque

218 697 534 745 liberandam
590 715 707 746 eum
763 715 863 762 quo
918 701 1127 744 maximi
1181 701 1511 761 magistratus
1565 697 1714 744 simul

167 772 193 812 3
216 773 521 812 consuerant
576 766 786 828 epulari.
857 765 1083 828 Magnae
1138 782 1293 827 saepe
1347 782 1428 812 res
1483 782 1585 812 non
1639 768 1714 812 ita

215 836 413 895 magnis
451 836 607 895 copiis
645 840 765 880 sunt
802 840 1001 896 gestae,
1039 833 1131 879 sed
1166 831 1397 895 profecto
1434 849 1713 896 numquam

216 906 324 946 tam
345 901 408 946 ab
428 904 571 946 tenui
589 903 735 947 initio
753 907 933 947 tantae
951 916 1073 962 opes
1092 907 1212 946 sunt
1228 899 1530 963 profligatae
1547 915 1560 955 3
1593 916 1713 946 nam

217 967 485 1014 duodecim
525 967 895 1014 adulescentuli
933 970 1165 1014 coierunt
1205 983 1270 1013 ex
1308 970 1369 1013 iis
1410 969 1498 1030 qui
1536 966 1712 1014 exsilio

219 1042 365 1081 erant
417 1034 641 1090 multati,
694 1052 808 1081 cum
861 1038 1065 1081 omnino
1117 1051 1220 1081 non
1272 1041 1446 1081 essent
1497 1033 1711 1097 amplius

216 1109 442 1156 centum,
508 1105 593 1165 qui
657 1109 804 1148 tanto
869 1118 923 1148 se
987 1100 1229 1148 offerrent
1289 1101 1531 1163 periculo.
1598 1100 1713 1159 Qua

216 1172 477 1247 paucitate
514 1186 752 1232 percussa
790 1176 869 1215 est
907 1168 1425 1215 Lacedaemoniorum
1460 1171 1709 1231 potentia.

167 1243 192 1280 4
215 1236 283 1281 Hi
329 1239 464 1282 enim
508 1253 610 1282 non
653 1239 815 1299 magis
861 1236 1261 1283 adversariorum
1305 1234 1514 1283 factioni
1557 1252 1711 1298 quam

217 1302 478 1365 Spartanis
499 1320 558 1349 eo
578 1311 810 1365 tempore
828 1303 1019 1349 bellum
1037 1302 1338 1359 intulerunt,
1357 1306 1444 1382 qui
1460 1305 1710 1366 principes

217 1378 365 1417 erant
410 1374 567 1417 totius
615 1371 889 1425 Graeciae3
953 1387 1167 1433 quorum
1211 1373 1410 1432 imperii
1453 1373 1711 1426 maiestas,

218 1454 385 1500 neque
414 1441 488 1483 ita
515 1437 676 1484 multo
704 1445 837 1500 post,
867 1437 1135 1484 Leuctrica
1152 1454 1326 1501 pugna
1354 1438 1418 1484 ab
1444 1436 1540 1484 hoc
1566 1440 1710 1484 initio

216 1505 447 1567 perculsa
470 1506 704 1551 concidit.

167 1580 193 1618 5
281 1572 359 1617 Illi
391 1575 547 1635 igitur
579 1573 864 1627 duodecim,
898 1588 1112 1634 quorum
1144 1571 1248 1619 dux
1282 1578 1393 1618 erat
1425 1570 1709 1634 Pelopidas,

217 1655 333 1685 cum
382 1639 600 1685 Athenis
649 1640 873 1686 interdiu
923 1642 1165 1695 exissent,
1214 1645 1274 1685 ut
1322 1645 1709 1701 vesperascente

217 1705 357 1752 caelo
373 1706 573 1752 Thebas
590 1713 799 1768 possent
814 1709 1097 1768 pervenire,
1113 1723 1228 1752 cum
1244 1707 1451 1752 canibus
1468 1708 1710 1752 venaticis

218 1774 493 1828 exierunt,2
516 1777 647 1819 retia
670 1772 913 1829 ferentes,
938 1776 1127 1820 vestitu
1152 1776 1359 1836 agresti,
1389 1789 1490 1835 quo
1517 1776 1710 1820 minore

215 1843 497 1901 suspicione
543 1839 774 1887 facerent
818 1843 933 1887 iter.
1014 1840 1116 1898 Qui
1162 1857 1277 1886 cum
1324 1847 1556 1902 tempore
1601 1843 1710 1903 ipso

217 1923 316 1969 quo
344 1908 612 1954 studerant
638 1910 1006 1970 pervenissent,
1033 1908 1239 1954 domum
1267 1906 1509 1953 Charonis
1535 1907 1711 1954 dever-

218 1974 433 2028 terunt‚3
457 1991 485 2020 a
508 1992 607 2037 quo
631 1982 685 2021 et
706 1982 909 2036 tempus
933 1981 987 2021 et
1009 1975 1115 2021 dies
1139 1981 1251 2020 erat
1271 1974 1438 2021 datus.

279 2040 327 2091 3.
358 2041 468 2088 Hoc
490 2041 599 2088 loco
621 2041 750 2088 libet
771 2045 1115 2104 interponere,
1134 2044 1230 2088 etsi
1253 2044 1540 2088 seiunctum
1564 2041 1629 2087 ab
1652 2057 1707 2088 re

424 2188 441 2214 1
471 2201 616 2239 quem,
638 2188 837 2239 Bladviffl
870 2200 1101 2239 quemque,
1122 2187 1258 2228 MSS.

424 2242 439 2266 ²
470 2243 684 2289 exierunt,
706 2241 868 2282 omitted
888 2242 939 2292 by
958 2242 1137 2288 Richter,
1159 2241 1286 2281 Guill.

426 2296 441 2320 ³
474 2296 772 2343 deverterunt,
794 2295 997 2343 Lambin3
1036 2295 1320 2341 devenerunt,
1342 2293 1477 2334 MSS.

275 2464 292 2488 ¹
322 2464 411 2503 The
434 2464 607 2504 festival
630 2465 675 2504 of
697 2465 771 2504 the
794 2465 1069 2516 Aphrodisia,
1092 2467 1140 2503 at
1162 2463 1237 2502 the
1259 2464 1345 2503 end
1367 2464 1411 2503 of
1434 2463 1508 2504 the
1531 2467 1643 2504 term
1666 2463 1710 2504 of

218 2517 337 2557 office
362 2518 405 2557 of
428 2518 501 2557 the
525 2519 645 2557 three
668 2519 877 2570 annually
899 2518 1062 2558 elected
1086 2517 1365 2570 polemarchs.

218 2609 304 2657 552
