<?xml version="1.0" encoding="UTF-8"?>
<!DOCTYPE html PUBLIC "-//W3C//DTD XHTML 1.0 Transitional//EN"
    "http://www.w3.org/TR/xhtml1/DTD/xhtml1-transitional.dtd">
<html xmlns="http://www.w3.org/1999/xhtml" xml:lang="en" lang="en">
 <head>
  <title>
</title>
<meta http-equiv="Content-Type" content="text/html;charset=utf-8" />
  <meta name='ocr-system' content='tesseract 3.04.00' />
  <meta name='ocr-capabilities' content='ocr_page ocr_carea ocr_par ocr_line ocrx_word'/>
</head>
<body>
  <div class='ocr_page' id='page_1' title='image "./lannaeifloriquae00floruoft_0708.png"; bbox 0 0 1802 2942; ppageno 0'>
   <div class='ocr_carea' id='block_1_1' title="bbox 683 166 1342 215">
    <p class='ocr_par' dir='ltr' id='par_1_1' title="bbox 683 166 1342 215">
     <span class='ocr_line' id='line_1_1' title="bbox 683 166 1342 215; baseline -0.002 0"><span class='ocrx_word' id='word_1_1' title='bbox 683 167 1076 215; x_wconf 88' lang='lat' dir='ltr'>CORNELIUS</span> <span class='ocrx_word' id='word_1_2' title='bbox 1122 166 1342 215; x_wconf 92' lang='lat' dir='ltr'>NEPOS</span> 
     </span>
    </p>
   </div>
   <div class='ocr_carea' id='block_1_2' title="bbox 218 296 1753 2157">
    <p class='ocr_par' dir='ltr' id='par_1_2' title="bbox 263 296 1748 624">
     <span class='ocr_line' id='line_1_2' title="bbox 265 296 1745 359; baseline -0.001 -14"><span class='ocrx_word' id='word_1_3' title='bbox 265 306 344 345; x_wconf 90' lang='lat' dir='ltr'>est</span> <span class='ocrx_word' id='word_1_4' title='bbox 379 304 554 344; x_wconf 88' lang='lat' dir='ltr'>autem</span> <span class='ocrx_word' id='word_1_5' title='bbox 589 297 765 343; x_wconf 90' lang='lat' dir='ltr'>Attico</span> <span class='ocrx_word' id='word_1_6' title='bbox 799 298 968 357; x_wconf 89' lang='lat' dir='ltr'>neptis</span> <span class='ocrx_word' id='word_1_7' title='bbox 1002 311 1068 341; x_wconf 86' lang='lat' dir='ltr'>ex</span> <span class='ocrx_word' id='word_1_8' title='bbox 1104 296 1351 358; x_wconf 84' lang='lat' dir='ltr'>Agrippa,</span> <span class='ocrx_word' id='word_1_9' title='bbox 1385 299 1466 342; x_wconf 90' lang='lat' dir='ltr'>cui</span> <span class='ocrx_word' id='word_1_10' title='bbox 1500 299 1745 359; x_wconf 86' lang='lat' dir='ltr'>virginem</span> 
     </span>
     <span class='ocr_line' id='line_1_3' title="bbox 264 362 1744 411; baseline 0 -1"><span class='ocrx_word' id='word_1_11' title='bbox 264 365 416 411; x_wconf 85' lang='lat' dir='ltr'>filiam</span> <span class='ocrx_word' id='word_1_12' title='bbox 454 363 756 410; x_wconf 90' lang='lat' dir='ltr'>conlocarat.</span> <span class='ocrx_word' id='word_1_13' title='bbox 823 362 985 408; x_wconf 70' lang='lat' dir='ltr'>Hanc⁴</span> <span class='ocrx_word' id='word_1_14' title='bbox 1007 362 1193 408; x_wconf 88' lang='lat' dir='ltr'>Caesar</span> <span class='ocrx_word' id='word_1_15' title='bbox 1229 365 1311 408; x_wconf 87' lang='lat' dir='ltr'>vix</span> <span class='ocrx_word' id='word_1_16' title='bbox 1349 362 1634 409; x_wconf 78' lang='lat' dir='ltr'>anniculam</span> <span class='ocrx_word' id='word_1_17' title='bbox 1670 363 1744 411; x_wconf 91' lang='lat' dir='ltr'>Ti.</span> 
     </span>
     <span class='ocr_line' id='line_1_4' title="bbox 265 428 1745 491; baseline -0.001 -13"><span class='ocrx_word' id='word_1_18' title='bbox 265 431 475 478; x_wconf 91' lang='lat' dir='ltr'>Claudio</span> <span class='ocrx_word' id='word_1_19' title='bbox 501 430 707 484; x_wconf 83' lang='lat' dir='ltr'>Neroni,</span> <span class='ocrx_word' id='word_1_20' title='bbox 734 428 955 475; x_wconf 81' lang='lat' dir='ltr'>Drusilla</span> <span class='ocrx_word' id='word_1_21' title='bbox 979 435 1118 483; x_wconf 90' lang='lat' dir='ltr'>nato,</span> <span class='ocrx_word' id='word_1_22' title='bbox 1144 430 1373 491; x_wconf 81' lang='lat' dir='ltr'>privigno</span> <span class='ocrx_word' id='word_1_23' title='bbox 1399 446 1508 484; x_wconf 88' lang='lat' dir='ltr'>suo,</span> <span class='ocrx_word' id='word_1_24' title='bbox 1533 429 1745 491; x_wconf 85' lang='lat' dir='ltr'>despon-</span> 
     </span>
     <span class='ocr_line' id='line_1_5' title="bbox 265 495 1748 559; baseline -0.002 -14"><span class='ocrx_word' id='word_1_25' title='bbox 265 499 369 553; x_wconf 79' lang='lat' dir='ltr'>dit3</span> <span class='ocrx_word' id='word_1_26' title='bbox 418 513 550 559; x_wconf 90' lang='lat' dir='ltr'>quae</span> <span class='ocrx_word' id='word_1_27' title='bbox 581 498 867 542; x_wconf 87' lang='lat' dir='ltr'>coniunctio</span> <span class='ocrx_word' id='word_1_28' title='bbox 896 495 1324 542; x_wconf 80' lang='lat' dir='ltr'>necessitudinem</span> <span class='ocrx_word' id='word_1_29' title='bbox 1357 512 1531 541; x_wconf 90' lang='lat' dir='ltr'>eorum</span> <span class='ocrx_word' id='word_1_30' title='bbox 1561 499 1748 552; x_wconf 83' lang='lat' dir='ltr'>sanxit,</span> 
     </span>
     <span class='ocr_line' id='line_1_6' title="bbox 263 561 1351 624; baseline -0.003 -14"><span class='ocrx_word' id='word_1_31' title='bbox 263 564 663 611; x_wconf 76' lang='lat' dir='ltr'>familiaritatem</span> <span class='ocrx_word' id='word_1_32' title='bbox 689 563 913 609; x_wconf 81' lang='lat' dir='ltr'>reddidit</span> <span class='ocrx_word' id='word_1_33' title='bbox 936 561 1351 624; x_wconf 89' lang='lat' dir='ltr'>frequentiorem.</span> 
     </span>
    </p>

    <p class='ocr_par' dir='ltr' id='par_1_3' title="bbox 263 628 1749 894">
     <span class='ocr_line' id='line_1_7' title="bbox 328 628 1747 691; baseline -0.002 -12"><span class='ocrx_word' id='word_1_34' title='bbox 328 630 410 681; x_wconf 77' lang='grc'>20.</span> <span class='ocrx_word' id='word_1_35' title='bbox 446 630 687 689; x_wconf 81' lang='lat' dir='ltr'>Quamvis</span> <span class='ocrx_word' id='word_1_36' title='bbox 719 635 840 675; x_wconf 89' lang='lat' dir='ltr'>ante</span> <span class='ocrx_word' id='word_1_37' title='bbox 870 629 997 675; x_wconf 89' lang='lat' dir='ltr'>haec</span> <span class='ocrx_word' id='word_1_38' title='bbox 1027 628 1279 691; x_wconf 89' lang='lat' dir='ltr'>sponsalia</span> <span class='ocrx_word' id='word_1_39' title='bbox 1309 645 1410 674; x_wconf 92' lang='lat' dir='ltr'>non</span> <span class='ocrx_word' id='word_1_40' title='bbox 1440 628 1602 675; x_wconf 91' lang='lat' dir='ltr'>solum</span> <span class='ocrx_word' id='word_1_41' title='bbox 1632 645 1747 676; x_wconf 91' lang='lat' dir='ltr'>cum</span> 
     </span>
     <span class='ocr_line' id='line_1_8' title="bbox 267 695 1748 758; baseline -0.003 -13"><span class='ocrx_word' id='word_1_42' title='bbox 267 700 331 745; x_wconf 89' lang='lat' dir='ltr'>ab</span> <span class='ocrx_word' id='word_1_43' title='bbox 367 698 492 744; x_wconf 91' lang='lat' dir='ltr'>urbe</span> <span class='ocrx_word' id='word_1_44' title='bbox 529 697 750 750; x_wconf 88' lang='lat' dir='ltr'>abesset,</span> <span class='ocrx_word' id='word_1_45' title='bbox 784 712 1062 757; x_wconf 82' lang='lat' dir='ltr'>numquam</span> <span class='ocrx_word' id='word_1_46' title='bbox 1099 695 1164 741; x_wconf 91' lang='lat' dir='ltr'>ad</span> <span class='ocrx_word' id='word_1_47' title='bbox 1199 712 1404 741; x_wconf 89' lang='lat' dir='ltr'>suorum</span> <span class='ocrx_word' id='word_1_48' title='bbox 1439 712 1748 758; x_wconf 89' lang='lat' dir='ltr'>quemquam</span> 
     </span>
     <span class='ocr_line' id='line_1_9' title="bbox 263 762 1748 825; baseline -0.002 -14"><span class='ocrx_word' id='word_1_49' title='bbox 263 766 462 811; x_wconf 89' lang='lat' dir='ltr'>litteras</span> <span class='ocrx_word' id='word_1_50' title='bbox 495 766 633 809; x_wconf 87' lang='lat' dir='ltr'>misit</span> <span class='ocrx_word' id='word_1_51' title='bbox 668 765 789 825; x_wconf 92' lang='lat' dir='ltr'>quin</span> <span class='ocrx_word' id='word_1_52' title='bbox 822 763 998 809; x_wconf 89' lang='lat' dir='ltr'>Attico</span> <span class='ocrx_word' id='word_1_53' title='bbox 1031 763 1275 808; x_wconf 88' lang='lat' dir='ltr'>scriberet</span> <span class='ocrx_word' id='word_1_54' title='bbox 1310 762 1432 824; x_wconf 91' lang='lat' dir='ltr'>quid</span> <span class='ocrx_word' id='word_1_55' title='bbox 1466 769 1662 825; x_wconf 87' lang='lat' dir='ltr'>ageret,</span> <span class='ocrx_word' id='word_1_56' title='bbox 1696 766 1748 808; x_wconf 93' lang='lat' dir='ltr'>in</span> 
     </span>
     <span class='ocr_line' id='line_1_10' title="bbox 265 828 1749 894; baseline -0.001 -16"><span class='ocrx_word' id='word_1_57' title='bbox 265 834 438 894; x_wconf 89' lang='lat' dir='ltr'>primis</span> <span class='ocrx_word' id='word_1_58' title='bbox 469 830 590 892; x_wconf 92' lang='lat' dir='ltr'>quid</span> <span class='ocrx_word' id='word_1_59' title='bbox 619 829 817 892; x_wconf 87' lang='lat' dir='ltr'>legeret</span> <span class='ocrx_word' id='word_1_60' title='bbox 847 830 1130 891; x_wconf 91' lang='lat' dir='ltr'>quibusque</span> <span class='ocrx_word' id='word_1_61' title='bbox 1160 831 1213 874; x_wconf 90' lang='lat' dir='ltr'>in</span> <span class='ocrx_word' id='word_1_62' title='bbox 1242 828 1362 875; x_wconf 91' lang='lat' dir='ltr'>locis</span> <span class='ocrx_word' id='word_1_63' title='bbox 1393 836 1448 875; x_wconf 92' lang='lat' dir='ltr'>et</span> <span class='ocrx_word' id='word_1_64' title='bbox 1478 845 1632 891; x_wconf 90' lang='lat' dir='ltr'>quam</span> <span class='ocrx_word' id='word_1_65' title='bbox 1662 829 1749 876; x_wconf 89' lang='lat' dir='ltr'>diu</span> 
     </span>
    </p>

    <p class='ocr_par' dir='ltr' id='par_1_4' title="bbox 218 896 1751 1294">
     <span class='ocr_line' id='line_1_11' title="bbox 218 896 1750 951; baseline 0 -9"><span class='ocrx_word' id='word_1_66' title='bbox 218 905 240 942; x_wconf 88' lang='lat'>2</span> <span class='ocrx_word' id='word_1_67' title='bbox 265 905 402 945; x_wconf 90' lang='lat' dir='ltr'>esset</span> <span class='ocrx_word' id='word_1_68' title='bbox 444 904 749 951; x_wconf 86' lang='lat' dir='ltr'>moraturus,</span> <span class='ocrx_word' id='word_1_69' title='bbox 787 896 877 942; x_wconf 91' lang='lat' dir='ltr'>sed</span> <span class='ocrx_word' id='word_1_70' title='bbox 916 898 1073 941; x_wconf 87' lang='lat' dir='ltr'>etiam</span> <span class='ocrx_word' id='word_1_71' title='bbox 1111 912 1226 941; x_wconf 89' lang='lat' dir='ltr'>cum</span> <span class='ocrx_word' id='word_1_72' title='bbox 1265 902 1402 942; x_wconf 91' lang='lat' dir='ltr'>esset</span> <span class='ocrx_word' id='word_1_73' title='bbox 1438 898 1491 941; x_wconf 93' lang='lat' dir='ltr'>in</span> <span class='ocrx_word' id='word_1_74' title='bbox 1529 896 1655 942; x_wconf 89' lang='lat' dir='ltr'>urbe</span> <span class='ocrx_word' id='word_1_75' title='bbox 1695 902 1750 942; x_wconf 88' lang='lat' dir='ltr'>et</span> 
     </span>
     <span class='ocr_line' id='line_1_12' title="bbox 266 963 1749 1028; baseline -0.002 -17"><span class='ocrx_word' id='word_1_76' title='bbox 266 972 475 1028; x_wconf 90' lang='lat' dir='ltr'>propter</span> <span class='ocrx_word' id='word_1_77' title='bbox 490 963 712 1009; x_wconf 87' lang='lat' dir='ltr'>infinitas</span> <span class='ocrx_word' id='word_1_78' title='bbox 731 978 844 1009; x_wconf 89' lang='lat' dir='ltr'>suas</span> <span class='ocrx_word' id='word_1_79' title='bbox 865 964 1220 1024; x_wconf 90' lang='lat' dir='ltr'>occupationes</span> <span class='ocrx_word' id='word_1_80' title='bbox 1239 965 1403 1008; x_wconf 91' lang='lat' dir='ltr'>minus</span> <span class='ocrx_word' id='word_1_81' title='bbox 1422 978 1576 1024; x_wconf 84' lang='lat' dir='ltr'>saepe</span> <span class='ocrx_word' id='word_1_82' title='bbox 1595 978 1749 1025; x_wconf 91' lang='lat' dir='ltr'>quam</span> 
     </span>
     <span class='ocr_line' id='line_1_13' title="bbox 266 1028 1751 1084; baseline -0.003 -6"><span class='ocrx_word' id='word_1_83' title='bbox 266 1031 423 1078; x_wconf 84' lang='lat' dir='ltr'>vellet</span> <span class='ocrx_word' id='word_1_84' title='bbox 465 1031 639 1076; x_wconf 87' lang='lat' dir='ltr'>Attico</span> <span class='ocrx_word' id='word_1_85' title='bbox 681 1028 952 1084; x_wconf 85' lang='lat' dir='ltr'>frueretur,</span> <span class='ocrx_word' id='word_1_86' title='bbox 995 1028 1160 1075; x_wconf 90' lang='lat' dir='ltr'>nullus</span> <span class='ocrx_word' id='word_1_87' title='bbox 1203 1028 1311 1075; x_wconf 87' lang='lat' dir='ltr'>dies</span> <span class='ocrx_word' id='word_1_88' title='bbox 1355 1036 1551 1075; x_wconf 90' lang='lat' dir='ltr'>temere</span> <span class='ocrx_word' id='word_1_89' title='bbox 1593 1031 1751 1075; x_wconf 88' lang='lat' dir='ltr'>inter-</span> 
     </span>
     <span class='ocr_line' id='line_1_14' title="bbox 267 1094 1751 1159; baseline -0.003 -14"><span class='ocrx_word' id='word_1_90' title='bbox 267 1101 420 1145; x_wconf 89' lang='lat' dir='ltr'>cessit</span> <span class='ocrx_word' id='word_1_91' title='bbox 437 1097 457 1127; x_wconf 82' lang='lat'>1</span> <span class='ocrx_word' id='word_1_92' title='bbox 482 1113 581 1159; x_wconf 93' lang='lat' dir='ltr'>quo</span> <span class='ocrx_word' id='word_1_93' title='bbox 606 1113 706 1142; x_wconf 93' lang='lat' dir='ltr'>non</span> <span class='ocrx_word' id='word_1_94' title='bbox 732 1096 796 1142; x_wconf 90' lang='lat' dir='ltr'>ad</span> <span class='ocrx_word' id='word_1_95' title='bbox 821 1112 937 1142; x_wconf 92' lang='lat' dir='ltr'>eum</span> <span class='ocrx_word' id='word_1_96' title='bbox 961 1096 1222 1150; x_wconf 86' lang='lat' dir='ltr'>scriberet,</span> <span class='ocrx_word' id='word_1_97' title='bbox 1246 1112 1362 1141; x_wconf 90' lang='lat' dir='ltr'>cum</span> <span class='ocrx_word' id='word_1_98' title='bbox 1384 1095 1535 1142; x_wconf 91' lang='lat' dir='ltr'>modo</span> <span class='ocrx_word' id='word_1_99' title='bbox 1560 1094 1751 1158; x_wconf 90' lang='lat' dir='ltr'>aliquid</span> 
     </span>
     <span class='ocr_line' id='line_1_15' title="bbox 268 1161 1750 1226; baseline -0.002 -15"><span class='ocrx_word' id='word_1_100' title='bbox 268 1167 332 1212; x_wconf 90' lang='lat' dir='ltr'>de</span> <span class='ocrx_word' id='word_1_101' title='bbox 356 1167 665 1226; x_wconf 90' lang='lat' dir='ltr'>antiquitate</span> <span class='ocrx_word' id='word_1_102' title='bbox 688 1163 752 1208; x_wconf 91' lang='lat' dir='ltr'>ab</span> <span class='ocrx_word' id='word_1_103' title='bbox 776 1178 835 1208; x_wconf 94' lang='lat' dir='ltr'>eo</span> <span class='ocrx_word' id='word_1_104' title='bbox 857 1165 1158 1224; x_wconf 89' lang='lat' dir='ltr'>requireret,</span> <span class='ocrx_word' id='word_1_105' title='bbox 1179 1178 1295 1208; x_wconf 91' lang='lat' dir='ltr'>cum</span> <span class='ocrx_word' id='word_1_106' title='bbox 1316 1162 1467 1208; x_wconf 91' lang='lat' dir='ltr'>modo</span> <span class='ocrx_word' id='word_1_107' title='bbox 1487 1162 1506 1191; x_wconf 85' lang='lat'><strong>2</strong></span> <span class='ocrx_word' id='word_1_108' title='bbox 1529 1161 1750 1224; x_wconf 89' lang='lat' dir='ltr'>aliquam</span> 
     </span>
     <span class='ocr_line' id='line_1_16' title="bbox 268 1229 1749 1294; baseline -0.003 -16"><span class='ocrx_word' id='word_1_109' title='bbox 268 1233 619 1294; x_wconf 87' lang='lat' dir='ltr'>quaestionem</span> <span class='ocrx_word' id='word_1_110' title='bbox 680 1232 934 1291; x_wconf 88' lang='lat' dir='ltr'>poeticam</span> <span class='ocrx_word' id='word_1_111' title='bbox 997 1231 1043 1275; x_wconf 97' lang='grc'>01</span> <span class='ocrx_word' id='word_1_112' title='bbox 1106 1236 1431 1291; x_wconf 88' lang='lat' dir='ltr'>proponeret,</span> <span class='ocrx_word' id='word_1_113' title='bbox 1492 1229 1749 1276; x_wconf 88' lang='lat' dir='ltr'>interdum</span> 
     </span>
    </p>

    <p class='ocr_par' dir='ltr' id='par_1_5' title="bbox 218 1295 1752 1561">
     <span class='ocr_line' id='line_1_17' title="bbox 218 1295 1750 1358; baseline -0.003 -13"><span class='ocrx_word' id='word_1_114' title='bbox 218 1307 242 1346; x_wconf 89' lang='lat'><strong>3</strong></span> <span class='ocrx_word' id='word_1_115' title='bbox 264 1303 433 1345; x_wconf 86' lang='lat' dir='ltr'>iocans</span> <span class='ocrx_word' id='word_1_116' title='bbox 471 1300 578 1343; x_wconf 89' lang='lat' dir='ltr'>eius</span> <span class='ocrx_word' id='word_1_117' title='bbox 615 1297 924 1342; x_wconf 88' lang='lat' dir='ltr'>verbosiores</span> <span class='ocrx_word' id='word_1_118' title='bbox 963 1295 1170 1342; x_wconf 87' lang='lat' dir='ltr'>eliceret</span> <span class='ocrx_word' id='word_1_119' title='bbox 1207 1295 1465 1357; x_wconf 87' lang='lat' dir='ltr'>epistulas.</span> <span class='ocrx_word' id='word_1_120' title='bbox 1533 1296 1612 1341; x_wconf 84' lang='lat' dir='ltr'>Ex</span> <span class='ocrx_word' id='word_1_121' title='bbox 1651 1311 1750 1358; x_wconf 91' lang='lat' dir='ltr'>quo</span> 
     </span>
     <span class='ocr_line' id='line_1_18' title="bbox 269 1361 1751 1424; baseline -0.003 -12"><span class='ocrx_word' id='word_1_122' title='bbox 269 1366 470 1419; x_wconf 87' lang='lat' dir='ltr'>accidit,</span> <span class='ocrx_word' id='word_1_123' title='bbox 511 1380 626 1410; x_wconf 88' lang='lat' dir='ltr'>cum</span> <span class='ocrx_word' id='word_1_124' title='bbox 669 1363 807 1409; x_wconf 89' lang='lat' dir='ltr'>aedis</span> <span class='ocrx_word' id='word_1_125' title='bbox 851 1362 981 1409; x_wconf 85' lang='lat' dir='ltr'>Iovis</span> <span class='ocrx_word' id='word_1_126' title='bbox 1025 1362 1240 1408; x_wconf 89' lang='lat' dir='ltr'>Feretrii</span> <span class='ocrx_word' id='word_1_127' title='bbox 1279 1365 1332 1407; x_wconf 89' lang='lat' dir='ltr'>in</span> <span class='ocrx_word' id='word_1_128' title='bbox 1375 1361 1643 1424; x_wconf 85' lang='lat' dir='ltr'>Capitolio,</span> <span class='ocrx_word' id='word_1_129' title='bbox 1685 1362 1751 1408; x_wconf 84' lang='lat' dir='ltr'>ab</span> 
     </span>
     <span class='ocr_line' id='line_1_19' title="bbox 269 1429 1752 1491; baseline -0.002 -13"><span class='ocrx_word' id='word_1_130' title='bbox 269 1431 482 1478; x_wconf 85' lang='lat' dir='ltr'>Romulo</span> <span class='ocrx_word' id='word_1_131' title='bbox 513 1432 809 1484; x_wconf 88' lang='lat' dir='ltr'>constituta,</span> <span class='ocrx_word' id='word_1_132' title='bbox 840 1436 1100 1476; x_wconf 86' lang='lat' dir='ltr'>vetustate</span> <span class='ocrx_word' id='word_1_133' title='bbox 1133 1435 1289 1491; x_wconf 89' lang='lat' dir='ltr'>atque</span> <span class='ocrx_word' id='word_1_134' title='bbox 1320 1431 1513 1474; x_wconf 88' lang='lat' dir='ltr'>incuria</span> <span class='ocrx_word' id='word_1_135' title='bbox 1543 1429 1752 1476; x_wconf 86' lang='lat' dir='ltr'>detecta</span> 
     </span>
     <span class='ocr_line' id='line_1_20' title="bbox 265 1495 1752 1561; baseline -0.002 -17"><span class='ocrx_word' id='word_1_136' title='bbox 265 1498 634 1561; x_wconf 79' lang='lat' dir='ltr'>prolaberetur,</span> <span class='ocrx_word' id='word_1_137' title='bbox 653 1503 711 1542; x_wconf 91' lang='lat' dir='ltr'>ut</span> <span class='ocrx_word' id='word_1_138' title='bbox 730 1497 890 1542; x_wconf 88' lang='lat' dir='ltr'>Attici</span> <span class='ocrx_word' id='word_1_139' title='bbox 909 1496 1172 1542; x_wconf 87' lang='lat' dir='ltr'>admonitu</span> <span class='ocrx_word' id='word_1_140' title='bbox 1190 1495 1376 1542; x_wconf 89' lang='lat' dir='ltr'>Caesar</span> <span class='ocrx_word' id='word_1_141' title='bbox 1395 1511 1508 1541; x_wconf 89' lang='lat' dir='ltr'>eam</span> <span class='ocrx_word' id='word_1_142' title='bbox 1524 1495 1752 1542; x_wconf 84' lang='lat' dir='ltr'>reficien-</span> 
     </span>
    </p>

    <p class='ocr_par' dir='ltr' id='par_1_6' title="bbox 218 1562 1752 1758">
     <span class='ocr_line' id='line_1_21' title="bbox 218 1562 1750 1624; baseline -0.001 -14"><span class='ocrx_word' id='word_1_143' title='bbox 218 1567 385 1613; x_wconf 91' lang='lat' dir='ltr'>4dam</span> <span class='ocrx_word' id='word_1_144' title='bbox 432 1571 647 1610; x_wconf 89' lang='lat' dir='ltr'>curaret.</span> <span class='ocrx_word' id='word_1_145' title='bbox 716 1563 895 1624; x_wconf 87' lang='lat' dir='ltr'>Neque</span> <span class='ocrx_word' id='word_1_146' title='bbox 945 1578 1061 1608; x_wconf 89' lang='lat' dir='ltr'>vero</span> <span class='ocrx_word' id='word_1_147' title='bbox 1110 1578 1140 1608; x_wconf 87' lang='lat' dir='ltr'>a</span> <span class='ocrx_word' id='word_1_148' title='bbox 1190 1562 1263 1608; x_wconf 93' lang='lat' dir='ltr'>M.</span> <span class='ocrx_word' id='word_1_149' title='bbox 1313 1563 1539 1608; x_wconf 92' lang='lat' dir='ltr'>Antonio</span> <span class='ocrx_word' id='word_1_150' title='bbox 1585 1565 1750 1609; x_wconf 90' lang='lat' dir='ltr'>minus</span> 
     </span>
     <span class='ocr_line' id='line_1_22' title="bbox 270 1628 1751 1684; baseline -0.003 -6"><span class='ocrx_word' id='word_1_151' title='bbox 270 1634 450 1678; x_wconf 90' lang='lat' dir='ltr'>absens</span> <span class='ocrx_word' id='word_1_152' title='bbox 487 1631 672 1676; x_wconf 91' lang='lat' dir='ltr'>litteris</span> <span class='ocrx_word' id='word_1_153' title='bbox 710 1629 988 1684; x_wconf 87' lang='lat' dir='ltr'>colebatur,</span> <span class='ocrx_word' id='word_1_154' title='bbox 1027 1629 1155 1675; x_wconf 87' lang='lat' dir='ltr'>adeo</span> <span class='ocrx_word' id='word_1_155' title='bbox 1194 1635 1253 1674; x_wconf 87' lang='lat' dir='ltr'>ut</span> <span class='ocrx_word' id='word_1_156' title='bbox 1291 1635 1525 1675; x_wconf 90' lang='lat' dir='ltr'>accurate</span> <span class='ocrx_word' id='word_1_157' title='bbox 1563 1628 1648 1675; x_wconf 93' lang='lat' dir='ltr'>ille</span> <span class='ocrx_word' id='word_1_158' title='bbox 1687 1645 1751 1675; x_wconf 85' lang='lat' dir='ltr'>ex</span> 
     </span>
     <span class='ocr_line' id='line_1_23' title="bbox 269 1694 1752 1758; baseline -0.002 -13"><span class='ocrx_word' id='word_1_159' title='bbox 269 1699 476 1745; x_wconf 88' lang='lat' dir='ltr'>ultumis</span> <span class='ocrx_word' id='word_1_160' title='bbox 531 1696 715 1743; x_wconf 83' lang='lat' dir='ltr'>terris³</span> <span class='ocrx_word' id='word_1_161' title='bbox 772 1696 894 1758; x_wconf 90' lang='lat' dir='ltr'>quid</span> <span class='ocrx_word' id='word_1_162' title='bbox 949 1702 1128 1758; x_wconf 80' lang='lat' dir='ltr'>ageret</span> <span class='ocrx_word' id='word_1_163' title='bbox 1181 1711 1331 1741; x_wconf 87' lang='lat' dir='ltr'>curae</span> <span class='ocrx_word' id='word_1_164' title='bbox 1387 1696 1481 1741; x_wconf 91' lang='lat' dir='ltr'>sibi</span> <span class='ocrx_word' id='word_1_165' title='bbox 1536 1694 1752 1742; x_wconf 85' lang='lat' dir='ltr'>haberet</span> 
     </span>
    </p>

    <p class='ocr_par' dir='ltr' id='par_1_7' title="bbox 219 1761 1753 2157">
     <span class='ocr_line' id='line_1_24' title="bbox 219 1761 1751 1824; baseline -0.003 -12"><span class='ocrx_word' id='word_1_166' title='bbox 219 1775 243 1812; x_wconf 90' lang='lat'>5</span> <span class='ocrx_word' id='word_1_167' title='bbox 266 1768 535 1812; x_wconf 87' lang='lat' dir='ltr'>certiorem</span> <span class='ocrx_word' id='word_1_168' title='bbox 572 1762 740 1809; x_wconf 88' lang='lat' dir='ltr'>facere</span> <span class='ocrx_word' id='word_1_169' title='bbox 780 1764 1026 1809; x_wconf 88' lang='lat' dir='ltr'>Atticum.</span> <span class='ocrx_word' id='word_1_170' title='bbox 1095 1761 1206 1808; x_wconf 92' lang='lat' dir='ltr'>Hoc</span> <span class='ocrx_word' id='word_1_171' title='bbox 1246 1761 1395 1824; x_wconf 89' lang='lat' dir='ltr'>quale</span> <span class='ocrx_word' id='word_1_172' title='bbox 1434 1765 1518 1816; x_wconf 91' lang='lat' dir='ltr'>sit,</span> <span class='ocrx_word' id='word_1_173' title='bbox 1556 1761 1751 1808; x_wconf 89' lang='lat' dir='ltr'>facilius</span> 
     </span>
     <span class='ocr_line' id='line_1_25' title="bbox 270 1829 1753 1891; baseline -0.002 -14"><span class='ocrx_word' id='word_1_174' title='bbox 270 1831 583 1878; x_wconf 84' lang='lat' dir='ltr'>existimabit</span> <span class='ocrx_word' id='word_1_175' title='bbox 602 1833 642 1875; x_wconf 92' lang='lat' dir='ltr'>is</span> <span class='ocrx_word' id='word_1_176' title='bbox 666 1832 751 1891; x_wconf 91' lang='lat' dir='ltr'>qui</span> <span class='ocrx_word' id='word_1_177' title='bbox 771 1829 992 1875; x_wconf 88' lang='lat' dir='ltr'>iudicare</span> <span class='ocrx_word' id='word_1_178' title='bbox 1012 1831 1203 1890; x_wconf 89' lang='lat' dir='ltr'>poterit</span> <span class='ocrx_word' id='word_1_179' title='bbox 1223 1835 1447 1890; x_wconf 90' lang='lat' dir='ltr'>quantae</span> <span class='ocrx_word' id='word_1_180' title='bbox 1469 1831 1536 1874; x_wconf 90' lang='lat' dir='ltr'>sit</span> <span class='ocrx_word' id='word_1_181' title='bbox 1554 1831 1753 1890; x_wconf 90' lang='lat' dir='ltr'>sapien-</span> 
     </span>
     <span class='ocr_line' id='line_1_26' title="bbox 269 1895 1752 1957; baseline -0.003 -13"><span class='ocrx_word' id='word_1_182' title='bbox 269 1902 373 1945; x_wconf 90' lang='lat' dir='ltr'>tiae</span> <span class='ocrx_word' id='word_1_183' title='bbox 410 1914 584 1943; x_wconf 88' lang='lat' dir='ltr'>eorum</span> <span class='ocrx_word' id='word_1_184' title='bbox 617 1899 838 1942; x_wconf 89' lang='lat' dir='ltr'>retinere</span> <span class='ocrx_word' id='word_1_185' title='bbox 873 1912 1020 1941; x_wconf 92' lang='lat' dir='ltr'>usum</span> <span class='ocrx_word' id='word_1_186' title='bbox 1054 1895 1585 1957; x_wconf 89' lang='lat' dir='ltr'>benevolentiamque,</span> <span class='ocrx_word' id='word_1_187' title='bbox 1617 1898 1752 1942; x_wconf 86' lang='lat' dir='ltr'>inter</span> 
     </span>
     <span class='ocr_line' id='line_1_27' title="bbox 272 1961 1753 2028; baseline -0.001 -18"><span class='ocrx_word' id='word_1_188' title='bbox 272 1981 395 2028; x_wconf 89' lang='lat' dir='ltr'>quos</span> <span class='ocrx_word' id='word_1_189' title='bbox 430 1967 764 2009; x_wconf 83' lang='lat' dir='ltr'>maximarum</span> <span class='ocrx_word' id='word_1_190' title='bbox 798 1978 967 2008; x_wconf 91' lang='lat' dir='ltr'>rerum</span> <span class='ocrx_word' id='word_1_191' title='bbox 1002 1978 1103 2007; x_wconf 91' lang='lat' dir='ltr'>non</span> <span class='ocrx_word' id='word_1_192' title='bbox 1137 1961 1299 2008; x_wconf 91' lang='lat' dir='ltr'>solum</span> <span class='ocrx_word' id='word_1_193' title='bbox 1335 1962 1626 2016; x_wconf 88' lang='lat' dir='ltr'>aemulatio,</span> <span class='ocrx_word' id='word_1_194' title='bbox 1661 1962 1753 2009; x_wconf 89' lang='lat' dir='ltr'>sed</span> 
     </span>
     <span class='ocr_line' id='line_1_28' title="bbox 269 2026 1753 2090; baseline -0.003 -12"><span class='ocrx_word' id='word_1_195' title='bbox 269 2033 576 2078; x_wconf 88' lang='lat' dir='ltr'>obtrectatio</span> <span class='ocrx_word' id='word_1_196' title='bbox 608 2036 755 2076; x_wconf 89' lang='lat' dir='ltr'>tanta</span> <span class='ocrx_word' id='word_1_197' title='bbox 785 2028 1157 2083; x_wconf 85' lang='lat' dir='ltr'>intercedebat,</span> <span class='ocrx_word' id='word_1_198' title='bbox 1190 2035 1436 2090; x_wconf 90' lang='lat' dir='ltr'>quantam</span> <span class='ocrx_word' id='word_1_199' title='bbox 1467 2026 1567 2074; x_wconf 89' lang='lat' dir='ltr'>fuit</span> <span class='ocrx_word' id='word_1_200' title='bbox 1596 2031 1753 2074; x_wconf 90' lang='lat' dir='ltr'>inter-</span> 
     </span>
     <span class='ocr_line' id='line_1_29' title="bbox 268 2095 1752 2157; baseline -0.003 -11"><span class='ocrx_word' id='word_1_201' title='bbox 268 2097 489 2146; x_wconf 84' lang='lat' dir='ltr'>cedere4</span> <span class='ocrx_word' id='word_1_202' title='bbox 532 2112 739 2142; x_wconf 89' lang='lat' dir='ltr'>necesse</span> <span class='ocrx_word' id='word_1_203' title='bbox 776 2099 911 2142; x_wconf 88' lang='lat' dir='ltr'>inter</span> <span class='ocrx_word' id='word_1_204' title='bbox 950 2095 1219 2141; x_wconf 85' lang='lat' dir='ltr'>Caesarem</span> <span class='ocrx_word' id='word_1_205' title='bbox 1259 2101 1416 2157; x_wconf 89' lang='lat' dir='ltr'>atque</span> <span class='ocrx_word' id='word_1_206' title='bbox 1454 2095 1752 2152; x_wconf 88' lang='lat' dir='ltr'>Antonium,</span> 
     </span>
    </p>
   </div>
   <div class='ocr_carea' id='block_1_3' title="bbox 278 2239 1752 2399">
    <p class='ocr_par' dir='ltr' id='par_1_8' title="bbox 278 2239 1752 2399">
     <span class='ocr_line' id='line_1_30' title="bbox 337 2239 1752 2303; baseline -0.001 -21"><span class='ocrx_word' id='word_1_207' title='bbox 337 2244 352 2268; x_wconf 82' lang='lat'>1</span> <span class='ocrx_word' id='word_1_208' title='bbox 380 2243 636 2288; x_wconf 74' lang='lat' dir='ltr'>intercessit,</span> <span class='ocrx_word' id='word_1_209' title='bbox 672 2241 852 2303; x_wconf 72' lang='lat' dir='ltr'>Lambin</span> <span class='ocrx_word' id='word_1_210' title='bbox 886 2240 971 2280; x_wconf 80' lang='lat' dir='ltr'>and</span> <span class='ocrx_word' id='word_1_211' title='bbox 1007 2239 1107 2280; x_wconf 82' lang='lat' dir='ltr'>Cod.</span> <span class='ocrx_word' id='word_1_212' title='bbox 1144 2239 1323 2286; x_wconf 76' lang='lat' dir='ltr'>Schotti;</span> <span class='ocrx_word' id='word_1_213' title='bbox 1358 2241 1662 2286; x_wconf 76' lang='lat' dir='ltr'>intercesserit,</span> <span class='ocrx_word' id='word_1_214' title='bbox 1687 2240 1752 2280; x_wconf 77' lang='lat' dir='ltr'>the</span> 
     </span>
     <span class='ocr_line' id='line_1_31' title="bbox 278 2296 1752 2399; baseline -0.003 -9"><span class='ocrx_word' id='word_1_215' title='bbox 278 2296 669 2394; x_wconf 42' lang='lat' dir='ltr'>otgercfflsinodm</span> <span class='ocrx_word' id='word_1_216' title='bbox 718 2347 858 2394; x_wconf 77' lang='lat' dir='ltr'>Leid.;</span> <span class='ocrx_word' id='word_1_217' title='bbox 910 2360 996 2399; x_wconf 92' lang='lat' dir='ltr'>quo</span> <span class='ocrx_word' id='word_1_218' title='bbox 1035 2359 1120 2393; x_wconf 92' lang='lat' dir='ltr'>mo,</span> <span class='ocrx_word' id='word_1_219' title='bbox 1163 2347 1226 2393; x_wconf 85' lang='lat' dir='ltr'>A;</span> <span class='ocrx_word' id='word_1_220' title='bbox 1277 2358 1363 2397; x_wconf 92' lang='lat' dir='ltr'>quo</span> <span class='ocrx_word' id='word_1_221' title='bbox 1401 2359 1503 2393; x_wconf 90' lang='lat' dir='ltr'>non,</span> <span class='ocrx_word' id='word_1_222' title='bbox 1541 2345 1605 2385; x_wconf 77' lang='lat' dir='ltr'>the</span> <span class='ocrx_word' id='word_1_223' title='bbox 1642 2345 1752 2385; x_wconf 77' lang='lat' dir='ltr'>other</span> 
     </span>
    </p>
   </div>
   <div class='ocr_carea' id='block_1_4' title="bbox 279 2403 1750 2559">
    <p class='ocr_par' dir='ltr' id='par_1_9' title="bbox 279 2403 1750 2559">
     <span class='ocr_line' id='line_1_32' title="bbox 280 2403 1750 2504; baseline -0.003 -9"><span class='ocrx_word' id='word_1_224' title='bbox 280 2403 431 2495; x_wconf 34' lang='lat' dir='ltr'>*uigili</span> <span class='ocrx_word' id='word_1_225' title='bbox 454 2457 633 2495; x_wconf 80' lang='lat' dir='ltr'>ultumis</span> <span class='ocrx_word' id='word_1_226' title='bbox 655 2455 851 2504; x_wconf 80' lang='lat' dir='ltr'>(ultimis,</span> <span class='ocrx_word' id='word_1_227' title='bbox 874 2453 997 2502; x_wconf 77' lang='lat' dir='ltr'>Roth)</span> <span class='ocrx_word' id='word_1_228' title='bbox 1019 2454 1158 2499; x_wconf 71' lang='lat' dir='ltr'>terris,</span> <span class='ocrx_word' id='word_1_229' title='bbox 1183 2452 1341 2499; x_wconf 72' lang='lat' dir='ltr'>Aldu83</span> <span class='ocrx_word' id='word_1_230' title='bbox 1379 2453 1478 2491; x_wconf 83' lang='lat' dir='ltr'>exul</span> <span class='ocrx_word' id='word_1_231' title='bbox 1500 2457 1596 2492; x_wconf 82' lang='lat' dir='ltr'>tum</span> <span class='ocrx_word' id='word_1_232' title='bbox 1619 2454 1750 2504; x_wconf 89' lang='lat' dir='ltr'>(cum,</span> 
     </span>
     <span class='ocr_line' id='line_1_33' title="bbox 279 2506 1433 2559; baseline -0.003 -10"><span class='ocrx_word' id='word_1_233' title='bbox 279 2509 317 2548; x_wconf 90' lang='lat' dir='ltr'><em>B</em></span> <span class='ocrx_word' id='word_1_234' title='bbox 334 2511 394 2559; x_wconf 91' lang='lat' dir='ltr'>H)</span> <span class='ocrx_word' id='word_1_235' title='bbox 418 2510 484 2548; x_wconf 83' lang='lat' dir='ltr'>his</span> <span class='ocrx_word' id='word_1_236' title='bbox 507 2510 646 2555; x_wconf 78' lang='lat' dir='ltr'>terris,</span> <span class='ocrx_word' id='word_1_237' title='bbox 671 2510 707 2548; x_wconf 82' lang='lat' dir='ltr'><strong><em>A</em></strong></span> <span class='ocrx_word' id='word_1_238' title='bbox 727 2508 766 2547; x_wconf 92' lang='lat' dir='ltr'><em>B</em></span> <span class='ocrx_word' id='word_1_239' title='bbox 783 2509 826 2547; x_wconf 92' lang='lat' dir='ltr'><em>H</em></span> <span class='ocrx_word' id='word_1_240' title='bbox 838 2522 849 2554; x_wconf 92' lang='lat'>;</span> <span class='ocrx_word' id='word_1_241' title='bbox 888 2507 989 2546; x_wconf 77' lang='lat' dir='ltr'>exul</span> <span class='ocrx_word' id='word_1_242' title='bbox 1011 2519 1111 2546; x_wconf 89' lang='lat' dir='ltr'>cum</span> <span class='ocrx_word' id='word_1_243' title='bbox 1131 2507 1302 2553; x_wconf 69' lang='lat' dir='ltr'>litteris,</span> <span class='ocrx_word' id='word_1_244' title='bbox 1326 2506 1365 2545; x_wconf 80' lang='lat' dir='ltr'><em>F</em></span> <span class='ocrx_word' id='word_1_245' title='bbox 1381 2506 1433 2546; x_wconf 84' lang='lat' dir='ltr'>R.</span> 
     </span>
    </p>
   </div>
   <div class='ocr_carea' id='block_1_5' title="bbox 272 2591 361 2638">
    <p class='ocr_par' dir='ltr' id='par_1_10' title="bbox 272 2591 361 2638">
     <span class='ocr_line' id='line_1_34' title="bbox 272 2591 361 2638; baseline -0.011 -1"><span class='ocrx_word' id='word_1_246' title='bbox 272 2591 361 2638; x_wconf 87' lang='lat'>688</span> 
     </span>
    </p>
   </div>
  </div>
 </body>
</html>
