1802 2942
616 113 1011 161 CORNELIUS
1058 112 1279 162 NEPOS

141 246 166 284 2
189 243 373 302 coepit.
441 241 568 288 Erat
607 257 666 288 eo
703 248 935 304 tempore
973 239 1146 304 Thuys
1187 240 1430 305 dynastes
1473 239 1689 304 Paphla-

192 321 392 380 goniae,
411 321 621 381 antiquo
639 335 848 382 genere,
864 325 1003 365 ortus
1023 335 1050 364 a
1067 318 1377 382 Pylaemene
1393 320 1414 350 1
1431 318 1516 365 illo
1535 335 1688 382 quem

193 394 445 442 Homerus
487 395 663 443 Troico
705 395 839 442 bello
882 412 911 442 a
954 395 1186 442 Patroclo
1227 395 1558 443 interfectum
1599 399 1686 444 ait.

140 480 166 519 3
191 472 239 518 Is
254 476 363 537 regi
377 473 513 520 dicto
529 474 739 520 audiens
754 491 856 520 non
871 481 997 520 erat.
1067 473 1236 532 Quam
1250 474 1314 520 ob
1329 490 1534 520 causam
1553 473 1688 521 bello

191 566 308 597 eum
328 554 566 614 persequi
587 554 853 598 constituit
875 554 1024 614 eique
1046 554 1119 597 rei
1141 549 1390 613 praefecit
1412 551 1688 607 Datamen,

188 632 529 692 propinquum
547 628 884 692 Paphlagonis
903 644 913 684 3
949 645 1170 691 namque
1189 645 1254 674 ex
1270 626 1428 675 fratre
1447 636 1502 676 et
1518 645 1686 676 sorore

188 713 337 752 erant
386 710 512 752 nati.
583 706 751 765 Quam
801 707 865 753 ob
916 722 1121 752 causam
1171 705 1420 753 Datames
1469 709 1690 768 primum

189 786 409 845 experiri
435 784 595 830 voluit
621 791 680 830 ut
706 787 813 830 sine
841 787 991 830 armis
1017 786 1358 846 propinquum
1385 783 1451 831 ad
1473 784 1690 830 officium

189 861 474 908 reduceret.
544 862 628 908 Ad
667 877 820 924 quem
858 877 974 908 cum
1012 863 1236 907 venisset
1273 863 1381 907 sine
1419 861 1689 923 praesidio,

191 939 338 1001 quod
383 939 447 986 ab
503 942 663 985 amico
716 938 878 985 nullas
933 945 1196 985 vereretur
1247 938 1472 994 insidias,
1523 954 1688 1001 paene

190 1019 414 1072 interiit3
475 1034 594 1063 nam
635 1016 808 1080 Thuys
853 1032 970 1063 eum
1013 1016 1143 1062 clam
1184 1015 1472 1062 interficere
1513 1015 1687 1063 voluit.

139 1101 165 1139 4
187 1094 313 1141 Erat
359 1101 526 1141 mater
562 1111 678 1141 cum
716 1094 958 1149 Datame,
997 1097 1155 1140 amita
1191 1092 1547 1157 Paphlagonis.
1613 1094 1690 1141 Ea

140 1181 165 1218 5
191 1172 313 1234 quid
351 1179 590 1235 ageretur
627 1175 815 1227 resciit,
854 1171 1115 1234 filiumque
1151 1174 1366 1217 monuit.
1435 1171 1528 1218 Ille
1566 1170 1690 1235 fuga

190 1249 471 1312 periculum
517 1252 729 1296 evitavit
773 1248 1067 1311 bellumque
1112 1248 1298 1296 indixit
1341 1247 1560 1312 Thuyni.
1628 1249 1689 1295 In

191 1344 291 1390 quo
315 1344 430 1374 cum
455 1328 518 1374 ab
543 1327 904 1383 Ariobarzane,
927 1324 1190 1389 praefecto
1216 1325 1411 1390 Lydiae
1437 1333 1491 1373 et
1515 1326 1688 1373 Ioniae

189 1408 451 1468 totiusque
496 1405 768 1469 Phrygiae,
813 1405 1045 1451 desertus
1091 1411 1244 1460 esset,
1287 1402 1442 1450 nihilo
1485 1407 1688 1467 segnius

190 1485 536 1545 perseveravit
576 1486 847 1546 vivumque
888 1481 1072 1546 Thuyn
1113 1483 1251 1544 cepit
1286 1497 1401 1528 cum
1441 1497 1598 1528 uxore
1634 1489 1688 1529 et

189 1559 376 1607 liberis.

254 1637 303 1688 3.
342 1637 493 1685 Cuius
523 1637 646 1685 facti
674 1654 739 1685 ne
767 1640 904 1700 prius
933 1636 1071 1683 fama
1099 1636 1165 1683 ad
1191 1652 1368 1700 regem
1397 1652 1551 1699 quam
1577 1639 1686 1700 ipse

189 1719 498 1777 perveniret,
540 1715 685 1763 dedit
726 1732 948 1778 operam.
1020 1714 1204 1777 Itaque
1246 1714 1478 1760 omnibus
1520 1716 1687 1762 insciis

116 1819 119 1823 ·
190 1808 251 1839 eo
270 1793 357 1839 ubi
379 1800 489 1839 erat
508 1809 599 1839 rex
618 1795 759 1839 venit
778 1799 1086 1854 posteroque
1107 1792 1190 1839 die
1209 1790 1409 1854 ssuyn,
1429 1790 1687 1838 hominem

194 1872 401 1916 maximi
430 1873 648 1933 corporis
677 1869 993 1932 terribilique
1023 1867 1170 1925 facie,
1208 1869 1345 1931 quod
1374 1875 1428 1915 et
1456 1871 1603 1932 niger
1633 1876 1688 1916 et

190 1947 370 2010 capillo
401 1947 552 2011 longo
583 1948 845 2010 barbaque
879 1953 989 1993 erat
1020 1949 1283 2009 promissa,
1315 1948 1510 2008 optima
1542 1953 1686 1993 veste

191 2028 342 2080 texit,
364 2041 517 2088 quam
539 2032 774 2087 satrapae
796 2027 922 2088 regii
944 2040 1123 2087 gerere
1145 2029 1467 2079 consuerant,
1489 2026 1687 2070 ornavit

195 2104 350 2148 etiam
379 2109 562 2164 torque
592 2109 748 2165 atque
778 2101 981 2148 armillis
1023 2103 1187 2147 aureis
1226 2107 1503 2163 ceteroque
1542 2103 1684 2164 regio

142 2185 166 2222 2
190 2178 357 2235 cultu3
429 2182 537 2242 ipse
592 2181 781 2243 agresti
836 2179 1022 2242 duplici
1077 2176 1292 2225 amiculo
1345 2176 1684 2224 circumdatus

694 2306 712 2332 ²
741 2307 1015 2359 Pylaemene,
1039 2305 1191 2346 Aldus.

258 2462 273 2486 1
305 2462 356 2502 In
376 2462 491 2503 Iliad
510 2476 552 2503 v,
573 2464 653 2505 576
671 2462 725 2502 he
743 2463 779 2503 is
798 2463 891 2502 said
910 2466 956 2502 to
975 2462 1086 2501 have
1105 2461 1213 2501 been
1231 2461 1342 2501 elain
1359 2459 1420 2512 by
1436 2460 1670 2501 Menelaus.

193 2552 281 2599 512
