1802 2942
611 169 665 217 L.
718 170 1053 217 ANNAEUS
1105 166 1374 217 FLORUS

250 298 374 344 tudo
399 315 548 361 quam
571 304 686 361 post
709 302 980 345 victoriam.
1056 298 1259 361 Quippe
1283 302 1542 346 inmensae
1565 299 1735 347 elassis

251 365 568 427 naufragium
603 365 738 412 bello
777 365 967 412 factum
1008 372 1119 412 toto
1159 369 1285 411 mari
1321 365 1567 424 fluitabat,
1607 367 1734 412 Ara-

251 433 471 494 bumque
520 440 573 479 et
621 433 926 480 Sabaeorum
986 439 1040 479 et
1097 432 1236 479 mille
1292 432 1442 480 Asiae
1501 437 1734 494 gentium

252 499 408 560 spolia
448 516 669 561 purpura
709 516 929 563 auroque
967 499 1114 545 inlita
1155 499 1365 546 adsidue
1402 506 1541 546 mota
1568 504 1736 548 ventis

194 573 218 611 8
252 570 407 612 maria
437 566 806 613 revomebant.1
878 567 1043 612 Prima
1079 566 1182 612 dux
1220 566 1371 628 fugae
1409 570 1586 627 regina
1620 583 1735 613 cum

253 650 401 679 aurea
426 651 596 696 puppe
623 634 835 697 veloque
860 650 1112 696 purpureo
1132 637 1183 678 in
1209 634 1368 680 altum
1392 633 1549 680 dedit.
1613 634 1734 680 Mox

195 706 221 745 9
258 707 459 747 secutus
519 703 789 759 Antonius,
849 701 939 747 sed
998 705 1186 747 instare
1243 704 1469 762 vestigiis
1540 701 1732 748 Caesar.

257 767 436 829 Itaque
461 784 557 814 nec
582 775 876 830 praeparata
900 771 952 813 in
979 768 1240 814 Oceanum
1264 767 1386 830 fuga
1407 783 1505 814 nec
1538 772 1735 814 munita

255 834 515 896 praesidiis
573 842 785 897 utraque
845 835 1072 897 Aegypti
1125 851 1326 891 cornua,
1385 834 1737 881 Paraetonium

251 908 403 963 atque
431 902 699 958 Pelusium,
726 901 989 963 profuere:
1027 918 1183 964 prope
1218 919 1371 947 manu
1407 902 1730 950 tenebantur.

254 968 391 1014 Prior
429 969 617 1015 ferrum
660 973 923 1031 occupavit
966 969 1236 1026 Antonius,
1271 973 1446 1031 regina
1478 969 1544 1015 ad
1579 969 1737 1031 pedes

252 1036 471 1082 Caesaris
496 1036 759 1098 provoluta
797 1040 1067 1098 temptavit
1101 1036 1270 1082 oculos
1304 1036 1460 1083 ducis.
1533 1036 1738 1083 Frustra

251 1103 456 1165 quidem
479 1119 490 1158 ;
526 1120 643 1148 nam
679 1103 1003 1165 pulchritudo
1031 1103 1162 1148 infra
1180 1104 1200 1133 2
1234 1103 1527 1164 pudicitiam
1551 1107 1736 1166 princi-

164 1176 212 1215 10
249 1173 324 1232 pis
350 1170 461 1219 fuit.
536 1171 642 1217 Nec
667 1171 753 1215 illa
789 1170 853 1217 de
889 1174 1008 1228 vita,
1033 1186 1162 1232 quae
1197 1170 1520 1228 offerebatur,
1544 1170 1636 1217 sed
1668 1170 1734 1218 de

250 1244 393 1298 parte
440 1241 584 1299 regni
642 1237 913 1284 laborabat.
1011 1237 1162 1294 Quod
1223 1238 1305 1283 ubi
1364 1237 1653 1299 desperavit
1703 1255 1733 1283 a

249 1308 476 1366 principe
513 1308 797 1367 servarique
837 1321 889 1351 se
928 1304 1186 1366 triumpho
1223 1304 1368 1361 vidit,
1404 1307 1736 1352 incautiorem

249 1379 433 1417 nancta
471 1372 748 1418 custodiam
790 1375 844 1417 in
885 1371 1196 1418 mausoleum
1235 1387 1289 1417 se
1329 1371 1617 1434 (sepulchra
1657 1388 1737 1418 re-

167 1445 213 1483 ll
252 1438 409 1500 gum3
465 1438 572 1484 sic4
629 1439 832 1499 vocant)
891 1437 1125 1500 recepit.⁵
1218 1439 1296 1484 Ibi
1364 1441 1622 1497 maximos,
1679 1445 1738 1485 ut

249 1506 460 1562 solebat,
521 1505 701 1552 induta
760 1506 926 1552 cultus
976 1510 1031 1551 in
1082 1504 1272 1552 referto
1320 1506 1556 1552 odoribus
1613 1505 1738 1552 solio

250 1576 389 1618 iuxta
436 1589 580 1619 suum
628 1590 682 1620 se
730 1573 1011 1620 conlocavit
1066 1574 1366 1630 Antonium,
1414 1573 1733 1636 admotisque

252 1639 314 1685 ad
343 1657 496 1686 venas
521 1641 842 1702 serpentibus
868 1644 938 1686 sic
963 1647 1127 1687 morte
1154 1643 1294 1702 quasi
1330 1656 1505 1687 somno
1539 1640 1739 1687 soluta⁶

252 1713 343 1753 est.

162 1774 329 1831 1111,12
369 1774 469 1819 Hic
514 1774 624 1820 finis
666 1790 916 1820 armorum
960 1773 1212 1820 civiliumt
1260 1773 1456 1836 reliqua
1500 1773 1737 1821 adversus

250 1848 446 1887 exteras
501 1848 700 1902 gentes,
766 1858 894 1903 quae
955 1840 1187 1887 districto
1245 1844 1376 1887 circa
1424 1841 1555 1886 mala
1612 1841 1738 1887 sua⁷

190 1914 214 1952 2
251 1912 462 1971 imperio
486 1908 694 1955 diversis
720 1910 851 1954 orbis
878 1910 1179 1955 emicabant.
1241 1908 1384 1954 Nova
1407 1912 1595 1971 quippe
1620 1924 1737 1971 pax,

341 2019 357 2043 ¹
385 2018 694 2059 revomebant:
726 2018 1013 2059 removebant
1032 2020 1083 2059 B.

338 2073 353 2096 ²
383 2073 498 2111 infra
518 2074 684 2113 Aldus:
714 2073 835 2112 intra
855 2074 967 2112 codd.

341 2127 357 2150 ³
388 2140 566 2178 regum:
598 2140 740 2178 regem
763 2128 814 2166 B.
1093 2127 1111 2152 ⁴
1141 2127 1202 2166 sic
1222 2139 1298 2167 om.
1322 2127 1374 2166 B.

341 2180 357 2204 ⁵
388 2182 580 2231 recepit:
612 2181 772 2232 recipit
791 2180 930 2221 BNL.

341 2234 356 2258 ⁶
386 2234 558 2274 soluta:
590 2235 783 2274 resoluta
803 2235 888 2274 eod.
910 2235 1110 2274 Iordanis
1128 2235 1339 2285 Pollin9.:
1369 2234 1492 2274 vieta
1529 2235 1583 2275 B.

344 2288 358 2311 ⁷
388 2288 593 2327 districto
615 2289 731 2328 circa
751 2288 865 2328 mala
887 2301 963 2327 sua
980 2303 991 2328 ι
1021 2287 1235 2328 destricto
1255 2290 1371 2328 circa
1391 2301 1466 2328 asa
1486 2300 1565 2328 sua
1583 2289 1635 2329 B.

301 2416 316 2440 1
347 2417 557 2456 Plutarch
575 2419 665 2465 (vit.
682 2419 721 2457 A
728 2422 785 2458 nt.
803 2418 872 2466 89)
890 2417 990 2457 tells
1005 2430 1055 2456 us
1069 2417 1171 2457 that
1185 2431 1211 2456 a
1226 2417 1394 2470 project
1410 2429 1497 2456 was
1512 2415 1737 2458 discussed

245 2469 291 2509 of
319 2470 532 2523 dragging
564 2471 639 2510 the
669 2471 893 2524 Egyptian
932 2470 1034 2510 fleet
1065 2483 1170 2510 over
1203 2471 1279 2510 the
1313 2470 1512 2511 Isthmus
1545 2471 1592 2511 of
1627 2470 1739 2511 Suez

246 2525 341 2563 into
361 2525 437 2564 the
459 2524 554 2564 Red
576 2524 659 2564 Sea
679 2525 765 2564 and
786 2526 990 2577 escaping
1010 2529 1061 2564 to
1078 2524 1215 2564 found
1234 2538 1260 2564 a
1280 2537 1377 2565 new
1397 2524 1620 2578 kingdom.

251 2603 345 2660 326
