1802 2942
650 167 1045 217 CORNELIUS
1091 167 1312 216 NEPOS

228 299 407 353 carior,
433 314 548 344 cum
575 313 690 344 eam
715 297 893 353 officio,
918 313 1020 343 non
1044 300 1215 344 timori
1240 312 1409 360 neque
1435 299 1543 359 spei
1568 297 1724 344 tribui

232 365 479 411 viderent.

295 430 340 480 7.
378 431 563 477 Incidit
591 430 950 477 Caesarianum
973 429 1119 477 civile
1142 430 1350 477 bellum.
1417 429 1546 476 Cum
1569 429 1726 478 habe-

231 506 312 545 ret
329 515 485 544 annos
504 501 704 544 circiter
719 501 1007 560 sexaginta,
1023 514 1142 544 usus
1162 504 1241 544 est
1258 500 1443 544 aetatis
1460 500 1725 544 vacatione

231 582 399 628 neque
423 581 477 611 se
502 581 758 627 quoquam
780 567 940 611 movit
963 581 1027 611 ex
1049 565 1192 611 urbe.
1260 563 1406 622 Quae
1430 567 1602 611 amicis
1623 568 1725 611 suis

232 649 357 694 opus
393 630 600 678 fuerant
635 632 701 678 ad
736 631 1037 693 Pompeium
1070 631 1522 694 proficiscentibus,
1557 634 1727 678 omnia

234 716 297 746 ex
325 716 416 746 sua
441 715 496 745 re
523 697 758 744 familiari
785 699 948 753 dedit,
972 701 1139 760 ipsum
1167 697 1466 760 Pompeium
1493 701 1727 745 coniunc-

182 771 208 809 2
234 774 344 814 tum
389 783 491 812 non
537 765 766 812 offendit.
835 765 1043 811 Nullum
1090 766 1154 812 ab
1203 781 1263 812 eo
1309 764 1536 812 habebat
1582 782 1726 812 orna-

232 840 484 888 mentum,
524 840 583 879 ut
622 836 799 888 ceteri,
839 835 926 895 qui
964 848 1056 895 per
1095 849 1212 879 eum
1253 839 1343 878 aut
1381 831 1597 879 honores
1637 839 1727 880 aut

233 901 434 947 divitias
466 907 739 961 ceperant3
785 916 1001 962 quorum
1029 902 1218 961 partim
1246 901 1533 945 invitissimi
1561 907 1728 946 castra

233 974 352 1014 sunt
377 970 556 1022 secuti,
581 969 768 1028 partim
793 983 991 1013 summa
1014 983 1130 1013 cum
1156 968 1262 1012 eius
1288 965 1564 1012 offensione
1589 967 1726 1014 domi

180 1041 208 1081 3
231 1041 602 1081 remanserunt.
657 1035 820 1080 Attici
838 1041 1013 1081 autem
1029 1037 1172 1096 quies
1187 1040 1335 1080 tanto
1351 1050 1505 1096 opere
1523 1033 1728 1081 Caesari

232 1101 332 1148 fuit
380 1108 545 1164 grata,
594 1108 653 1147 ut
701 1104 878 1157 victor,
926 1117 1042 1148 cum
1089 1103 1299 1163 privatis
1347 1103 1588 1163 pecunias
1636 1117 1729 1164 per

235 1168 477 1230 epistulas
516 1172 812 1230 imperaret,
850 1167 966 1214 huic
1004 1185 1106 1214 non
1144 1167 1307 1214 solum
1343 1167 1589 1215 molestus
1625 1185 1728 1215 non

234 1235 407 1290 fuerit,
439 1235 531 1281 sed
562 1238 720 1281 etiam
751 1239 930 1281 sororis
962 1235 1121 1281 filium
1153 1242 1207 1281 et
1238 1234 1300 1293 Q.
1335 1234 1631 1282 Ciceronem
1663 1251 1728 1282 ex

235 1302 445 1365 Pompei
501 1306 678 1349 castris
734 1305 1056 1349 concesserit.
1123 1301 1203 1349 Sic
1258 1308 1435 1349 vetere
1489 1305 1728 1350 instituto

235 1373 371 1416 vitae
400 1367 580 1432 effugit
606 1386 737 1416 nova
762 1369 1002 1431 pericula.

298 1435 343 1485 8.
379 1435 623 1482 Secutum
643 1444 722 1483 est
738 1437 863 1484 illud
880 1435 1126 1498 tempus,l
1149 1439 1311 1483 occiso
1331 1434 1566 1492 Caesare,
1592 1453 1692 1499 quo
1708 1437 1728 1467 2

233 1520 314 1551 res
345 1503 546 1565 publica
577 1520 735 1566 penes
766 1503 949 1550 Brutos
980 1503 1240 1550 videretur
1271 1519 1381 1550 esse
1413 1510 1468 1549 et
1498 1503 1727 1550 Cassium

183 1577 208 1616 2
235 1587 292 1617 ac
322 1578 435 1617 tota
465 1573 642 1617 civitas
673 1587 727 1617 se
759 1571 824 1618 ad
854 1587 939 1617 eos
969 1573 1277 1617 convertisse
1307 1570 1581 1617 videretur.
1648 1570 1728 1618 Sic

237 1638 312 1684 M.
347 1637 505 1683 Bruto
538 1655 657 1684 usus
692 1645 788 1694 est,
821 1645 879 1684 ut
911 1637 1049 1684 nullo
1079 1636 1164 1683 ille
1197 1637 1493 1684 adulescens
1527 1638 1727 1700 aequali

233 1704 529 1751 familiarius
558 1722 711 1767 quam
737 1704 831 1751 hoc
857 1721 997 1760 sene,
1023 1720 1192 1767 neque
1216 1704 1378 1751 solum
1406 1721 1523 1751 eum
1548 1708 1729 1766 princi·

184 1778 210 1818 3
233 1789 352 1834 pem
372 1771 563 1818 consilii
583 1771 817 1827 haberet,
836 1772 927 1818 sed
948 1775 1106 1818 etiam
1124 1774 1177 1817 in
1195 1774 1444 1818 convictu.
1513 1772 1729 1835 Excogi-

235 1847 404 1886 tatum
461 1845 539 1885 est
595 1856 625 1884 a
680 1839 1001 1901 quibusdam,
1055 1845 1115 1884 ut
1167 1840 1422 1900 privatum
1476 1842 1727 1885 aerarium

236 1905 464 1952 Caesaris
498 1904 911 1953 interfectoribus
947 1906 1012 1952 ab
1048 1906 1304 1968 equitibus
1339 1905 1578 1952 Romanis
1612 1923 1729 1953 con-

235 1976 552 2020 stitueretur.
622 1972 683 2019 Id
710 1971 858 2019 facile
888 1973 1015 2019 effici
1043 1988 1190 2034 posse
1221 1973 1454 2019 arbitrati
1481 1980 1619 2028 sunt,
1647 1976 1688 2020 si
1706 1973 1726 2003 3

233 2043 486 2102 principes
514 2042 620 2086 eius
648 2040 834 2087 ordinis
860 2043 1101 2102 pecunias
1127 2039 1476 2087 contulissent.
1541 2039 1727 2104 Itaque

244 2189 457 2284 AlBilleug,
475 2193 690 2282 &tempuffi
742 2189 841 2230 Cod.
895 2190 1016 2230 Mon.
1067 2190 1172 2237 433;
1238 2192 1413 2242 tempus
1461 2189 1628 2230 omitted
1675 2190 1728 2243 by

513 2253 554 2283 λ.

299 2297 315 2321 ²
344 2297 534 2347 quando,
558 2297 618 2342 R;
653 2309 799 2347 quom,
822 2296 961 2336 Fleck.

301 2350 318 2375 ³
347 2352 397 2396 si,
421 2350 584 2402 Nipp.;
617 2352 652 2390 si
675 2354 733 2397 et,
759 2351 893 2390 MSS.

508 2518 523 2542 ²
553 2518 668 2558 That
689 2520 739 2565 is,
764 2518 816 2558 he
841 2518 1059 2559 remained
1082 2520 1265 2559 neutral.

508 2573 523 2596 ²
551 2572 753 2623 Namely,
773 2573 946 2613 Marcus
967 2573 1055 2612 and
1075 2573 1278 2613 Decimus
1298 2573 1477 2613 Brutus.

235 2649 326 2702 664
