1802 2942
659 166 1054 215 CORNELIUS
1098 167 1321 217 NEPOS

186 306 212 344 5
236 296 594 360 Tranquillatis
660 303 835 344 autem
898 297 1050 344 rebus
1115 296 1373 354 Romanis,
1436 301 1731 363 remigravit

239 371 470 426 Romam,
510 378 569 417 ut
608 374 785 432 opinor
826 369 884 417 L.
927 370 1081 417 Cotta
1122 378 1176 418 et
1217 370 1275 418 L.
1316 371 1575 434 Torquato
1614 389 1731 420 con-

238 445 457 500 sulibus3
522 461 675 508 quem
723 443 1114 491 discedentem1
1159 447 1229 491 sic
1275 447 1510 491 universa
1553 449 1730 494 civitas

237 518 631 566 Atheniensium
674 526 946 581 prosecuta
990 525 1086 574 est,
1131 526 1191 566 ut
1233 518 1449 567 lacrimis
1494 520 1729 568 desiderii

238 592 397 640 futuri
425 593 650 640 dolorem
676 594 942 640 indicaret.

301 665 350 716 5.
384 667 628 714 Habebat
680 666 984 714 avunculum
1038 667 1100 727 Q.
1157 667 1449 724 Caecilium,
1503 672 1731 732 equitem

238 742 542 797 Romanum,
561 741 862 788 familiarem
883 741 940 788 L.
964 741 1178 798 Luculli,
1197 742 1427 798 divitem,
1445 743 1732 790 difficillima

239 823 451 870 natura;
492 819 631 862 cuius
669 819 738 862 sic
776 818 1109 878 asperitatem
1146 818 1337 862 veritus
1375 823 1472 872 est,
1496 823 1556 863 ut
1579 833 1732 880 quem

238 907 389 936 nemo
414 888 545 935 ferre
570 896 762 952 posset,
786 888 934 936 huius
959 892 1068 936 sine
1093 888 1369 937 offensione
1394 891 1460 937 ad
1483 907 1732 938 summam

237 970 560 1010 senectutem
612 966 884 1010 retinuerit
934 956 1364 1010 benevolentiam.
1442 963 1556 1022 Quo
1594 963 1732 1012 facto

187 1044 211 1083 2
235 1037 355 1084 tulit
373 1040 581 1099 pietatis
600 1035 840 1084 fructum.
909 1036 1156 1084 Caecilius
1177 1040 1313 1083 enim
1331 1040 1550 1084 moriens
1573 1045 1733 1085 testa-

237 1118 414 1157 mento
435 1111 700 1172 adoptavit
721 1127 836 1157 eum
861 1109 1209 1173 heredemque
1225 1109 1351 1157 fecit
1368 1127 1430 1157 ex
1451 1110 1732 1168 dodrante3

239 1201 302 1231 ex
320 1202 419 1248 qua
434 1184 725 1231 hereditate
743 1188 941 1247 accepit
959 1187 1158 1231 circiter
1173 1187 1402 1231 centiens
1421 1189 1730 1234 sestertium.

186 1266 211 1306 3
235 1260 361 1306 Erat
395 1266 558 1322 nupta
593 1276 731 1306 soror
766 1260 927 1306 Attici
964 1259 1026 1318 Q.
1061 1259 1225 1305 Tullio
1262 1258 1510 1315 Ciceroni,
1543 1276 1732 1323 easque

236 1336 441 1395 nuptias
486 1333 560 1379 M.
605 1333 780 1380 Cicero
821 1333 1132 1388 conciliarat,
1172 1350 1287 1379 cum
1329 1350 1428 1396 quo
1470 1350 1500 1379 a
1538 1335 1733 1382 condis-

235 1407 463 1469 cipulatu
490 1409 697 1454 vivebat
723 1410 1152 1464 coniunctissime,
1178 1406 1341 1454 multo
1370 1409 1528 1454 etiam
1554 1407 1733 1455 famili-

237 1485 369 1528 arius
405 1499 558 1544 quam
582 1499 697 1528 cum
722 1482 943 1540 Quint03
1013 1489 1072 1529 ut
1102 1481 1313 1528 iudicari
1345 1485 1506 1544 possit
1535 1481 1648 1544 plus
1679 1486 1732 1529 in

237 1559 461 1603 amicitia
498 1555 667 1602 valere
706 1556 1091 1603 similitudinem
1128 1572 1327 1602 morum
1366 1570 1519 1618 quam
1557 1556 1733 1603 adfini·

185 1638 211 1675 4
233 1637 414 1676 tatem.
485 1629 747 1676 Utebatur
783 1636 958 1676 autem
994 1632 1175 1675 intime
1213 1628 1276 1687 Q.
1315 1628 1609 1684 Hortensio,
1646 1634 1731 1694 qui

234 1707 293 1750 iis
326 1705 642 1766 temporibus
674 1706 1016 1766 principatum
1051 1702 1375 1765 eloquentiae
1408 1703 1642 1758 tenebat,
1673 1711 1732 1751 ut

233 1777 466 1841 intellegi
496 1795 598 1824 non
627 1785 802 1840 posset
832 1784 948 1824 uter
980 1793 1097 1823 eum
1127 1776 1239 1839 plus
1270 1776 1526 1839 diligeret,
1556 1776 1731 1825 Cicero

236 1869 301 1898 an
325 1852 658 1907 Hortensius3
701 1859 772 1906 et,
795 1852 848 1898 id
872 1851 1009 1914 quod
1033 1857 1145 1913 erat
1167 1850 1530 1906 difficillimum,
1551 1851 1732 1898 efficie-

235 1926 327 1972 bat
351 1932 409 1972 ut
432 1928 568 1972 inter
593 1942 717 1988 quos
742 1932 922 1972 tantae
945 1924 1109 1971 laudis
1135 1931 1272 1970 esset
1296 1923 1571 1971 aemulatio
1592 1925 1731 1973 nulla

243 1998 588 2046 intercederet
635 1999 945 2045 obtrectatio
995 2004 1234 2060 essetque
1282 1996 1463 2043 talium
1510 2000 1730 2045 virorum

236 2073 432 2134 copula.

297 2144 344 2195 6.
382 2146 442 2192 In
462 2163 516 2192 re
536 2144 739 2209 publica
757 2149 832 2192 ita
852 2153 931 2193 est
950 2152 1198 2201 versatus,
1218 2152 1277 2192 ut
1295 2161 1497 2207 semper
1515 2147 1731 2207 optima-

546 2272 563 2298 ²
592 2273 901 2320 discedentem,
925 2272 1084 2319 Aldus;
1123 2272 1253 2318 diem,
1278 2271 1410 2311 MSS.

299 2409 316 2433 ²
346 2409 390 2448 It
409 2409 445 2448 is
466 2412 639 2460 strange
654 2408 754 2448 that
774 2408 919 2460 Nepos
941 2407 1016 2447 did
1031 2411 1110 2447 not
1131 2407 1270 2459 verify
1291 2406 1378 2446 this
1400 2406 1502 2446 date
1524 2405 1582 2458 by
1604 2419 1728 2459 ques-

239 2463 408 2555 gieqxgizfiig
421 2463 621 2556 θιέξέἰίἓζῗ.
679 2462 769 2502 The
796 2465 996 2502 sentence
1024 2474 1127 2512 may
1146 2461 1258 2500 have
1287 2459 1393 2500 been
1421 2460 1563 2499 added
1588 2460 1634 2500 in
1661 2461 1728 2502 his

234 2594 324 2640 660
