1747 2912
474 157 531 205 L.
581 159 915 208 ANNAEUS
965 161 1235 209 FLORUS

112 291 165 334 in
199 305 350 350 aquas
386 303 497 335 suas
532 288 854 347 resiluerunt,
884 296 937 335 et
970 289 1228 351 aliquanto
1261 289 1410 336 latius
1445 305 1595 352 quam

111 359 246 417 prius
284 355 480 402 Siciliae
517 372 715 418 quoque
752 356 898 402 litora
929 363 982 402 et
1019 356 1337 418 Campaniam
1375 363 1596 403 nostram

65 426 88 466 7
112 424 277 468 subito
313 423 535 468 adventu
568 429 760 469 terrere
785 423 1064 469 voluerunt.
1138 423 1219 469 Sic
1251 423 1377 469 Cilix
1412 423 1595 485 dignus

111 493 317 535 victoria
344 489 549 551 Pompei
573 493 704 536 visus
729 496 807 536 est
832 496 885 535 et
912 489 1288 536 Mithridaticae
1311 493 1595 552 provinciae

110 556 273 602 factus
309 560 536 603 accessio,
614 556 706 603 Ille
754 556 1027 618 dispersam
1073 563 1183 603 toto
1228 560 1353 602 mari
1399 563 1597 619 pestem

116 623 272 669 semel
320 631 373 669 et
419 627 471 668 in
519 631 821 685 perpetuum
868 624 1039 670 volens
1082 627 1382 685 extinguere
1428 624 1598 670 divino

55 700 83 738 8
109 691 324 752 quodam
348 697 592 752 apparatu
614 690 878 752 adgressus
903 698 992 736 est.
1067 690 1269 752 Quippe
1294 707 1407 736 cum
1432 691 1597 737 classi-

110 759 201 803 bus
255 765 307 803 et
353 761 451 803 suis
512 764 565 803 et
624 758 886 803 socialibus
948 757 1253 803 Rhodiorum
1299 758 1597 815 abundaret,

111 825 335 886 pluribus
377 824 558 885 legatis
605 831 759 886 atque
796 824 1067 886 praefectis
1107 831 1321 886 utraque
1362 824 1509 870 Ponti
1545 831 1599 871 et

56 899 85 938 9
111 892 302 937 Oceani
361 908 445 936 ora
503 891 775 952 conplexus
834 898 923 937 est.
1000 891 1194 937 Gellius
1254 891 1417 937 Tusco
1473 894 1598 937 mari

113 962 373 1020 inpositus,
393 958 583 1004 Plotius
601 958 795 1013 Siculo;
823 958 1008 1004 Atilius
1025 958 1044 987 1
1082 958 1393 1020 Ligusticum
1417 961 1599 1016 sinum,

114 1024 453 1087 Pomponius2
515 1025 764 1071 Gallicum
824 1025 1040 1082 obsedit,
1085 1025 1366 1087 Torquatus
1427 1025 1598 1071 Balea-

109 1097 282 1149 ricum,
354 1092 582 1138 Tiberius
648 1093 782 1138 Nero
850 1092 1158 1138 Gaditanum
1230 1092 1435 1149 fretum,
1500 1109 1598 1154 qua

110 1164 325 1222 primum
395 1163 541 1205 maris
600 1163 757 1205 nostri
815 1159 972 1205 limen
1036 1162 1292 1220 aperitur3
1351 1159 1599 1205 Lentulus

112 1227 434 1273 Marcellinus
472 1226 757 1289 Libycum,3
789 1227 1115 1288 Aegyptium,
1151 1226 1357 1287 Pompei
1391 1230 1599 1272 iuvenes

27 1303 73 1342 lo
107 1294 475 1349 Hadriaticum,
494 1294 649 1338 Varro
674 1294 941 1339 Terentius
967 1293 1229 1354 Aegaeum
1254 1299 1308 1339 et
1334 1292 1602 1349 Ionicumf*

115 1361 463 1423 Pamphylium
537 1360 790 1416 Metellus,
854 1361 1131 1406 Asiaticum
1200 1360 1413 1421 Caepi03
1469 1364 1600 1421 ipsas

114 1428 446 1490 Propontidos
474 1427 642 1473 fauces
679 1427 879 1473 Porcius
914 1427 1037 1473 Cato
1070 1430 1138 1473 sic
1174 1427 1359 1473 obditis
1390 1428 1600 1473 navibus

27 1503 75 1543 ll
114 1500 253 1558 quasi
312 1493 490 1557 porta5
551 1496 812 1540 obseravit.
887 1493 968 1540 Sic
1014 1510 1105 1556 per
1154 1497 1314 1540 omnis
1372 1497 1600 1556 aequoris

112 1570 303 1625 portus,
336 1566 488 1618 sinus,
520 1561 754 1617 latebras,
791 1577 1033 1618 recessus,
1068 1565 1424 1622 promontoria,
1455 1561 1601 1618 freta,

111 1630 429 1692 paeninsulas
446 1628 690 1690 quidquid
715 1632 986 1689 piratarum
1006 1627 1103 1674 fuit
1128 1628 1343 1689 quadam
1361 1627 1601 1690 indagine

27 1703 75 1744 12
112 1698 360 1743 inclusum
397 1703 488 1742 est.
564 1696 677 1756 Ipse
717 1696 980 1756 Pompeius
1016 1698 1068 1740 in
1101 1699 1347 1756 originem
1382 1695 1602 1741 fontem-

115 1781 212 1827 que
253 1763 371 1810 belli
413 1763 667 1817 Cilician13
705 1778 799 1808 nec
846 1762 1016 1808 hostes
1055 1762 1403 1808 detractavere
1441 1768 1602 1808 certa-

29 1839 78 1878 13
115 1848 246 1878 men.
321 1830 435 1875 Non
469 1846 530 1876 ex
562 1830 756 1886 fiducia,
782 1829 871 1875 sed
901 1833 1017 1891 quia
1053 1833 1275 1890 oppressi
1311 1835 1472 1886 erant,
1496 1832 1602 1875 ausi

169 1938 186 1962 1
215 1937 381 1977 Atilius
407 1938 667 1976 Gronovius:
696 1935 901 1987 gratillus
924 1937 987 1974 B:
1020 1935 1240 1987 gratillius
1260 1936 1355 1975 NL.

171 1991 187 2016 ²
216 1991 482 2042 Pomponius
503 1991 725 2029 Dulcems:
757 1989 990 2041 Pompeius
1009 1990 1119 2028 codd.

167 2046 184 2069 ³
214 2045 497 2084 Marcellinus
516 2043 728 2095 Libycum
744 2045 891 2093 scripsi
907 2059 916 2082 z
947 2042 1161 2094 Libycum
1182 2042 1465 2083 Marcellinus
1485 2044 1594 2084 codd.

172 2100 189 2124 ⁴
217 2099 413 2138 Ionicum
438 2099 704 2138 Ormerodius
723 2113 731 2137 ε
764 2097 995 2136 Ponticum
1015 2101 1062 2136 et
1080 2098 1191 2137 codd.

171 2153 187 2177 ⁵
216 2159 345 2204 porta
364 2154 562 2202 Lipsius:
594 2156 767 2203 portam
788 2152 897 2191 codd.

172 2289 188 2313 1
218 2288 309 2327 The
329 2287 511 2338 reading
525 2287 611 2326 and
632 2287 924 2338 punctuation
945 2285 1138 2337 adopted
1158 2286 1205 2324 in
1224 2285 1314 2324 this
1332 2298 1515 2337 passage
1530 2298 1604 2325 are

116 2343 242 2382 those
259 2342 303 2381 of
318 2342 542 2381 Professor
562 2341 618 2380 Η.
638 2343 690 2381 Α.
710 2339 934 2387 Ormemd,
953 2340 1050 2378 who
1067 2341 1112 2378 in
1132 2353 1187 2377 an
1202 2338 1357 2378 article
1371 2338 1604 2390 published

118 2397 163 2435 in
194 2397 407 2446 Liverpool
429 2397 599 2434 Annals
627 2397 675 2444 os
705 2395 998 2443 Archacoloqy‚
1028 2392 1126 2433 Vol.
1161 2392 1219 2441 X,
1254 2405 1326 2444 pp.
1359 2393 1412 2432 46
1432 2392 1494 2440 ff.‚
1525 2392 1604 2432 has

118 2449 288 2489 cleared
301 2463 359 2501 up
374 2449 451 2488 the
464 2448 605 2488 whole
624 2449 825 2500 question
839 2447 883 2486 of
902 2447 979 2486 the
992 2446 1280 2486 distribution
1292 2445 1337 2486 of
1357 2445 1602 2499 Pompeius'

118 2504 257 2543 forces
277 2505 321 2542 in
342 2503 418 2542 the
437 2504 664 2554 campaign
685 2502 729 2541 of
749 2503 799 2543 67
821 2512 903 2541 B.c.

121 2596 208 2638 192
