1802 2942
656 147 1051 196 CORNELIUS
1097 147 1318 197 NEPOS

232 283 452 331 montes,
479 279 565 338 qui
592 277 725 323 obvii
753 283 900 323 erant
925 279 1095 323 itineri
1123 277 1540 333 adversariorum,
1564 279 1728 340 iisque

232 344 520 406 praecipit1
561 351 620 390 ut
659 346 823 406 prima
862 351 1013 390 nocte
1055 360 1209 406 quam
1248 343 1493 391 latissime
1532 347 1727 406 possint

232 415 376 474 ignes
424 409 617 457 faciant
664 427 817 473 quam
864 413 1112 457 maximos
1161 418 1318 473 atque
1366 410 1456 458 hos
1505 412 1727 459 secunda

182 486 208 523 4
231 478 401 541 vigilia
419 481 670 533 minuant,
690 481 847 524 tertia
864 481 1168 541 perexiguos
1188 478 1408 524 reddant
1429 485 1500 534 et,
1520 481 1727 525 assimu-

231 545 338 592 lata
387 552 667 592 castrorum
716 545 1102 601 consuetudine,
1142 548 1478 607 suspicionem
1517 549 1727 593 iniciant

231 611 462 659 hostibus
497 615 556 658 iis
591 611 711 658 locis
749 628 859 658 esse
894 619 1061 658 castra
1097 629 1154 658 ac
1190 613 1254 659 de
1292 629 1466 659 eorum
1503 613 1727 660 adventu

233 696 344 727 esse
366 682 814 742 praenuntiatum;
854 679 1093 742 idemque
1117 687 1323 741 postera
1344 687 1495 726 nocte
1519 678 1726 728 faciant.

181 756 207 794 5
231 746 426 806 Quibus
494 750 802 808 imperatum
871 754 983 793 erat
1050 746 1323 809 diligenter
1389 754 1722 809 praeceptum

233 821 429 860 curant.
496 814 785 876 Antigonus
815 814 1040 860 tenebris
1077 814 1267 861 obortis
1296 817 1440 877 ignes
1471 818 1726 876 conspica-

233 888 345 936 tur3
393 881 557 928 credit
587 881 651 927 de
683 897 773 927 suo
805 881 1030 927 adventu
1062 897 1172 927 esse
1204 881 1436 928 auditum
1468 888 1523 928 et
1553 882 1728 929 adver-

182 956 208 995 6
231 951 384 995 sarios
434 947 551 994 illuc
602 964 716 994 suas
767 951 1079 994 contraxisse
1129 951 1314 1010 copias.
1384 948 1562 995 Mutat
1611 966 1728 996 con-

232 1016 398 1062 silium
423 1022 494 1071 et,
519 1018 758 1078 quoniam
779 1015 1129 1078 imprudentes
1145 1016 1164 1045 2
1191 1016 1374 1062 adoriri
1403 1033 1506 1062 non
1536 1023 1729 1078 posset,

232 1082 395 1129 flectit
448 1086 547 1129 iter
601 1099 750 1129 suum
805 1089 859 1129 et
912 1082 1054 1129 illum
1108 1081 1395 1129 anfractum
1447 1082 1728 1146 longiorem

232 1153 464 1212 copiosae
496 1153 607 1195 viae
640 1153 778 1211 capit
807 1150 980 1212 ibique
1012 1150 1149 1196 diem
1179 1167 1338 1196 unum
1369 1154 1632 1212 opperitur
1663 1151 1728 1198 ad

228 1217 581 1263 lassitudinem
595 1217 874 1263 sedandam
887 1217 1107 1263 militum
1124 1234 1181 1263 ac
1195 1217 1469 1264 reficienda
1481 1221 1729 1276 iumenta,

233 1301 332 1348 quo
357 1287 633 1347 integriore
659 1287 887 1331 exercitu
911 1285 1227 1331 decerneret.

299 1350 380 1401 10.
419 1350 536 1397 Sic3
591 1351 848 1398 Eumenes
902 1351 1140 1398 callidum
1193 1355 1555 1414 imperatorem
1608 1355 1728 1399 vicit

233 1418 438 1465 consilio
463 1418 885 1482 celeritatemque
916 1419 1184 1481 impedivit
1209 1422 1335 1475 eius,
1359 1435 1528 1482 neque
1551 1426 1728 1466 tamen

186 1492 211 1531 2
234 1486 453 1532 multum
480 1484 726 1548 profecit3
761 1503 880 1532 nam
920 1487 1109 1533 invidia
1149 1487 1354 1542 dueum,
1394 1503 1510 1533 cum
1545 1488 1727 1550 quibus

233 1560 362 1609 erat,
413 1553 729 1616 perfidiaque
789 1553 1133 1600 Macedonum
1190 1561 1566 1610 veteranorum,
1613 1571 1727 1601 cum

233 1623 460 1682 superior
496 1620 687 1683 proelio
725 1621 1056 1677 discessisset,
1088 1621 1349 1684 Antigono
1389 1628 1468 1667 est
1505 1621 1728 1678 deditus,

232 1704 345 1734 cum
373 1691 626 1735 exercitus
645 1691 691 1735 ei
706 1695 786 1734 ter
811 1694 932 1735 ante
956 1691 1204 1750 separatis
1228 1688 1543 1750 temporibus
1571 1691 1728 1736 iuras-

234 1762 314 1801 set
342 1771 397 1801 se
428 1771 545 1801 eum
570 1754 898 1801 defensurum
923 1771 1091 1818 neque
1116 1772 1360 1817 umquam
1383 1755 1724 1803 deserturum.

232 1821 333 1868 Sed
367 1829 516 1868 tanta
549 1821 649 1868 fuit
682 1822 1037 1869 nonnullorum
1072 1825 1274 1869 virtutis
1309 1823 1636 1880 obtrectatio,
1667 1830 1728 1871 ut

232 1889 386 1936 fidem
410 1892 648 1935 amittere
670 1889 884 1936 mallent
906 1906 1060 1952 quam
1084 1906 1202 1936 eum
1224 1907 1325 1936 non
1346 1890 1578 1952 perdere.

183 1964 208 2004 3
293 1957 467 2019 Atque
503 1956 636 2003 hunc
672 1958 980 2020 Antigonus,
1015 1974 1130 2003 cum
1167 1959 1214 2003 ei
1249 1955 1430 2004 fuisset
1464 1955 1728 2004 infestissi-

230 2040 361 2079 mus,
399 2031 765 2080 conservasset,
803 2027 843 2071 si
881 2040 974 2086 per
1011 2041 1126 2071 suos
1167 2031 1304 2071 esset
1340 2024 1553 2080 licitum,
1590 2025 1728 2087 quod

232 2091 296 2138 ab
346 2091 482 2137 nullo
520 2108 574 2138 se
610 2091 723 2154 plus
761 2092 987 2138 adiuvari
1021 2107 1170 2154 posse
1205 2091 1546 2156 intellegebat
1579 2094 1632 2138 in
1666 2095 1727 2140 iis

415 2232 432 2258 ²
462 2233 689 2284 praecipit,
711 2232 914 2279 Lambin3
954 2233 1189 2284 praecepit,
1211 2231 1346 2273 MSS.

411 2286 428 2312 ²
456 2287 769 2338 imprudentes,
792 2286 994 2332 Lambim
1032 2286 1370 2339 imprudentem,
1392 2285 1528 2326 MSS.

411 2340 428 2365 ³
457 2341 531 2386 sic,
551 2340 810 2391 Heusinqem
847 2341 930 2387 hic,
951 2340 1085 2380 MSS.

548 2509 565 2535 ²
594 2510 678 2550 For
699 2510 883 2551 iumenta
902 2510 949 2550 in
967 2509 1055 2550 this
1075 2522 1196 2549 sense
1217 2511 1272 2549 cf.
1294 2515 1332 2552 5.
1354 2511 1394 2550 4.

228 2602 321 2650 590
