1802 2942
651 162 1046 211 CORNELIUS
1092 161 1312 210 NEPOS

180 300 204 339 3
228 295 405 338 carius.
474 292 588 350 Quo
634 292 792 338 fiebat
836 299 895 338 ut
939 294 1108 338 omnia
1153 291 1470 347 Ciceronum,
1516 290 1723 338 Catonis

232 359 413 414 Marci,
442 359 503 417 Q.
535 359 814 414 Hortensii,
842 359 961 405 Auli
988 359 1250 421 Torquati,
1277 358 1554 405 multorum
1578 374 1724 421 prae-

229 433 375 472 terea
403 429 635 488 equitum
663 426 1006 472 Romanorum
1033 428 1242 487 negotia
1267 432 1577 487 procuraret.
1643 425 1724 471 Ex

232 510 331 556 quo
360 493 571 539 iudicari
600 500 806 555 poterat
836 510 938 539 non
966 495 1169 547 inertia,
1199 493 1291 539 sed
1318 493 1504 539 iudicio
1531 490 1724 555 fugisse

230 563 303 606 rei
331 560 564 621 publicae
593 562 1017 622 procurationem.

294 624 376 675 16.
412 626 761 673 Humanitatis
790 644 908 673 vero
938 626 1132 672 nullum
1161 625 1361 673 adferre
1389 628 1551 672 maius
1579 629 1725 673 testi-

230 697 457 740 monium
492 711 714 756 possum,
751 711 905 756 quam
941 694 1078 756 quod
1113 693 1409 740 adulescens
1443 693 1581 739 idem
1615 695 1724 739 seni

232 759 400 807 Sullae
446 760 583 807 fuit1
628 762 1035 816 iucundissimus,
1081 777 1239 807 senex
1286 759 1600 807 adulescenti
1647 759 1724 807 M.

231 828 407 883 Bruto,
440 845 555 874 cum
590 828 886 890 aequalibus
921 835 1096 874 autem
1129 831 1230 874 suis
1264 827 1325 885 Q.
1362 827 1636 873 Hortensio
1671 833 1726 874 et

235 895 308 941 M.
352 895 594 941 Cicerone
633 899 702 941 sic
741 895 908 950 vixit,2
945 902 1006 941 ut
1041 895 1265 941 iudicare
1304 894 1502 941 difficile
1541 898 1608 940 sit
1645 896 1726 940 cui

180 967 204 1005 2
229 965 390 1008 aetati
412 961 569 1008 fuerit
592 966 897 1024 aptissimus.
965 961 1290 1024 Quamquam
1314 978 1431 1007 eum
1452 964 1725 1023 praecipue

232 1030 414 1076 dilexit
438 1029 631 1084 Cicero,
656 1036 715 1075 ut
740 1046 804 1075 ne
829 1029 990 1075 frater
1014 1029 1222 1092 quidem
1249 1032 1294 1074 ei
1321 1029 1542 1087 Quintus
1566 1031 1727 1075 carior

181 1104 206 1144 3
228 1096 385 1143 fuerit
425 1104 514 1144 aut
551 1095 859 1142 familiarior.
928 1096 989 1142 Ei
1027 1099 1101 1142 rei
1140 1103 1261 1143 sunt
1297 1096 1482 1142 indicio
1519 1103 1726 1158 praeter

234 1180 318 1210 eos
350 1164 503 1210 libros
536 1167 588 1209 in
623 1165 804 1226 quibus
840 1164 904 1210 de
939 1179 999 1210 eo
1031 1162 1156 1209 facit
1187 1166 1520 1218 mentionem,
1555 1166 1641 1225 qui
1672 1166 1726 1208 in

232 1231 412 1294 vulgus
449 1238 569 1277 sunt
606 1231 749 1286 editi,
786 1229 942 1276 XVI3
980 1230 1236 1277 volumina
1273 1230 1623 1292 epistularum,
1661 1230 1726 1276 ab

233 1299 499 1345 consulatu
555 1301 662 1344 eius
717 1313 879 1361 usque
936 1297 1001 1344 ad
1057 1304 1345 1344 extremum
1399 1304 1604 1359 tempus
1661 1297 1727 1344 ad

233 1367 467 1412 Atticum
509 1369 804 1420 missarum3
868 1381 1000 1427 quae
1046 1367 1133 1427 qui
1175 1363 1318 1427 legat
1361 1381 1464 1410 non
1506 1363 1727 1411 multum

233 1433 492 1479 desideret
538 1432 802 1479 historiam
849 1439 1147 1478 contextam
1197 1448 1371 1478 eorum
1418 1438 1725 1493 temporum.

182 1507 208 1544 4
232 1499 311 1546 Sic
345 1503 480 1546 enim
512 1502 682 1545 omnia
713 1500 778 1546 de
811 1499 991 1545 studiis
1022 1502 1325 1561 principum,
1356 1501 1489 1545 vitiis
1522 1499 1726 1554 ducum,

233 1568 601 1614 mutationibus
637 1569 712 1612 rei
747 1566 982 1628 publicae
1018 1569 1300 1628 perscripta
1335 1573 1472 1621 sunt,
1508 1573 1568 1612 ut
1602 1565 1727 1611 nihil

234 1637 285 1680 in
319 1637 378 1680 iis
414 1651 514 1680 non
550 1641 798 1696 appareat
834 1641 888 1680 et
921 1632 1069 1679 facile
1105 1635 1384 1679 existimari
1418 1636 1578 1694 possit
1609 1649 1728 1695 pru-

234 1702 464 1748 dentiam
518 1702 739 1763 quodam
794 1701 945 1747 modo
1000 1716 1110 1746 esse
1165 1701 1544 1746 divinationem.
1613 1699 1727 1746 Non

236 1772 371 1815 enim
397 1768 571 1814 Cicero
597 1785 657 1813 ea
681 1768 843 1813 solum
868 1783 999 1830 quae
1024 1770 1135 1813 vivo
1159 1783 1213 1813 se
1238 1767 1532 1813 acciderunt
1553 1764 1727 1813 futura

234 1836 507 1898 praedixit,
539 1836 630 1882 sed
662 1838 818 1881 etiam
850 1851 982 1897 quae
1013 1852 1147 1881 nunc
1178 1851 1272 1881 usu
1303 1837 1515 1880 veniunt
1542 1837 1727 1880 cecinit

236 1910 295 1949 ut
322 1910 481 1948 vates.

300 1967 381 2017 17.
419 1969 499 2015 De
548 1973 745 2031 pietate
797 1976 971 2015 autem
1021 1968 1182 2015 Attici
1232 1968 1354 2031 quid
1401 1968 1547 2030 plura
1593 1984 1729 2014 com-

235 2037 547 2083 memorem?
617 2036 744 2082 Cum
770 2035 864 2082 hoc
889 2040 1055 2098 ipsum
1082 2052 1200 2082 vere
1225 2035 1531 2098 gloriantem
1556 2035 1729 2082 audie-

621 2136 636 2160 1
665 2135 764 2179 fuit,
789 2134 952 2180 Fleclc.3
991 2134 1138 2180 fuerit,
1162 2134 1296 2173 MSS.

622 2189 637 2212 2
668 2190 793 2234 vixit,
817 2188 981 2234 Fleclc.;
1021 2189 1180 2227 vixerit
1204 2188 1337 2227 MSS.

624 2243 640 2266 3
671 2242 793 2288 XVI,
817 2242 975 2288 Aldu-33
1014 2241 1095 2288 XI,
1120 2241 1254 2281 MSS.

303 2372 318 2396 1
347 2371 455 2411 Cato
479 2372 710 2417 Uticensis,
731 2371 1089 2423 great-grandson
1113 2371 1158 2411 of
1177 2370 1286 2411 Cato
1309 2371 1385 2411 the
1409 2370 1580 2410 Censor.
1638 2370 1729 2409 The

241 2426 459 2465 inversion
476 2426 520 2465 of
534 2426 609 2465 the
624 2439 773 2465 names
787 2426 823 2464 is
839 2426 1040 2472 unusual,
1056 2425 1136 2464 but
1151 2429 1231 2465 not
1245 2425 1548 2476 unexampled.
1583 2424 1728 2475 Nepos

243 2492 379 2519 seems
393 2484 438 2519 to
456 2480 567 2518 have
581 2480 693 2518 tried
705 2484 751 2519 to
766 2492 874 2530 vary
888 2479 962 2518 the
974 2480 1108 2518 forms
1121 2479 1166 2519 of
1182 2479 1257 2519 the
1268 2491 1417 2518 names
1432 2479 1478 2518 in
1495 2478 1583 2517 this
1598 2478 1728 2517 list—-

243 2533 277 2572 if
294 2533 369 2572 the
388 2537 485 2572 text
503 2534 538 2572 is
557 2533 710 2572 sound.

238 2605 325 2650 682
