1802 2942
652 163 1048 212 CORNELIUS
1093 162 1314 211 NEPOS

232 302 365 350 rent,
387 310 582 356 puppes
608 291 907 340 verteruntl
936 308 1093 355 seque
1129 292 1195 339 ad
1218 308 1310 339 sua
1333 298 1499 339 castra
1521 294 1725 339 nautica

171 370 204 411 *1
230 361 557 409 rettulerunt.
626 360 705 407 Sic
726 359 984 406 Hannibal
1003 359 1206 406 consilio
1228 375 1368 405 arma
1388 358 1726 422 Pergameno-

232 446 344 476 rum
384 431 660 490 superavit,
699 443 867 490 neque
908 434 1019 474 tum
1059 426 1239 481 solum,
1278 426 1370 473 sed
1409 442 1562 488 saepe
1604 426 1725 473 alias

231 497 551 559 pedestribus
606 498 760 558 copiis
814 497 923 557 pari
975 494 1249 557 prudentia
1300 493 1499 556 pepulit
1552 493 1726 541 adver-

233 567 402 611 sarios.

296 629 376 679 12.
414 630 559 688 Quae
597 629 718 682 dum
753 631 805 674 in
841 628 964 675 Asia
999 635 1262 691 geruntur,
1299 627 1481 674 accidit
1515 644 1635 674 casu
1669 635 1727 675 ut

234 698 393 761 legati
425 697 630 744 Prusiae
663 696 854 743 Romae
887 696 1023 757 apud
1053 695 1133 742 ΤΡ
1165 694 1461 754 Quinctium
1491 694 1727 741 Flamini-

228 765 389 812 num3
429 764 743 811 consularem
773 769 1032 818 cenarent,
1059 770 1215 825 atque
1243 763 1313 809 ibi
1349 762 1414 809 de
1439 761 1728 809 Hannibale

231 835 491 879 mentione
524 830 678 886 facta,
712 847 774 877 ex
807 833 864 877 iis
898 847 1026 876 unus
1059 830 1253 876 diceret
1286 846 1404 876 eum
1434 832 1486 875 in
1519 828 1728 876 Prusiae

179 908 207 946 2
233 916 391 963 regno
450 915 575 946 esse.
646 898 707 945 Id
762 905 967 960 postero
1023 897 1105 944 die
1164 897 1472 943 Flamininus
1529 899 1729 944 senatui

233 966 434 1014 detulit.
506 965 682 1012 Patres
709 967 996 1027 conscripti,
1022 967 1108 1027 qui
1135 963 1422 1010 Hannibale
1448 967 1560 1010 vivo
1584 981 1730 1011 num-

233 1051 386 1096 quam
411 1050 465 1080 se
491 1037 598 1080 sine
624 1033 814 1079 insidiis
839 1031 1035 1079 futuros
1062 1034 1432 1086 existimarent,
1456 1031 1652 1094 legatos
1677 1034 1729 1077 in

231 1101 525 1164 Bithyniam
553 1103 818 1155 miserunt,
845 1102 897 1145 in
924 1103 982 1146 iis
1013 1099 1369 1154 Flamininum,
1398 1102 1485 1161 qui
1514 1099 1578 1145 ab
1605 1115 1729 1162 rege

232 1175 474 1231 peterent
523 1184 587 1214 ne
637 1170 1036 1213 inimicissimum
1084 1183 1232 1213 suum
1286 1182 1458 1213 secum
1513 1165 1729 1214 haberet

180 1244 208 1284 3
235 1237 431 1298 sibique
463 1235 693 1282 dederet.
763 1234 856 1281 His
888 1233 1063 1280 Prusia
1091 1249 1281 1297 negare
1312 1250 1461 1280 ausus
1493 1250 1595 1280 non
1621 1240 1729 1290 est3

233 1303 357 1350 illud
375 1305 643 1357 recusavit,
662 1318 727 1348 ne
746 1302 799 1348 id
818 1318 847 1347 a
865 1318 919 1348 se
939 1301 1046 1348 fieri
1063 1300 1382 1364 postularent
1401 1300 1537 1363 quod
1555 1301 1729 1347 adver-

232 1387 315 1418 sus
341 1374 417 1417 ius
442 1369 648 1432 hospitii
674 1375 837 1416 esset:
879 1371 991 1431 ipsi,
1017 1371 1057 1415 si
1081 1375 1307 1431 possent,
1332 1367 1729 1430 comprehende-

232 1445 378 1493 rent3
421 1437 604 1493 locum,
631 1437 717 1483 ubi
745 1443 896 1491 esset,
922 1435 1068 1482 facile
1094 1439 1403 1482 inventuros.
1472 1435 1729 1482 Hannibal

233 1509 369 1552 enim
399 1522 499 1551 uno
524 1504 632 1551 loco
657 1520 711 1550 se
735 1504 968 1559 tenebat,
989 1506 1041 1549 in
1066 1503 1273 1550 castello
1304 1503 1440 1565 quod
1471 1506 1518 1549 ei
1547 1519 1578 1549 a
1606 1519 1728 1566 rege

233 1573 412 1620 datum
430 1579 539 1619 erat
556 1574 753 1618 muneri
770 1572 924 1634 idque
941 1573 1010 1617 sic
1028 1571 1337 1625 aedificarat,
1354 1577 1413 1617 ut
1429 1573 1480 1615 in
1497 1571 1728 1618 omnibus

233 1641 461 1703 partibus
500 1639 713 1686 aedificii
751 1642 918 1685 exitus
954 1637 1186 1694 haberet,
1223 1637 1414 1684 scilicet
1449 1653 1627 1685 verens
1662 1653 1728 1685 ne

233 1725 327 1754 usu
356 1710 553 1753 veniret
582 1706 717 1768 quod
746 1706 943 1753 accidit.

176 1783 209 1820 4
296 1775 410 1821 Huc
446 1792 561 1821 cum
596 1775 756 1837 legati
792 1774 1134 1820 Romanorum
1170 1776 1430 1820 venissent
1465 1789 1523 1819 ac
1557 1772 1728 1820 multi-

230 1842 410 1889 tudine
440 1842 647 1889 domum
677 1844 783 1887 eius
813 1840 1282 1894 circumdedissent,
1309 1856 1454 1902 puer,
1483 1840 1548 1886 ab
1574 1843 1727 1887 ianua

230 1912 558 1972 prospiciens,
614 1908 890 1954 Hannibali
944 1908 1076 1954 dixit
1128 1907 1297 1969 plures
1351 1914 1559 1969 praeter
1611 1924 1727 1954 con-

231 1977 558 2023 suetudinem
587 1982 808 2021 armatos
838 1991 1100 2037 apparere.
1169 1973 1269 2033 Qui
1295 1976 1566 2036 imperavit
1593 1977 1640 2021 ei
1668 1982 1727 2022 ut

232 2060 407 2090 omnes
459 2041 593 2089 fores
648 2042 864 2089 aedificii
915 2044 1203 2088 circumiret
1255 2057 1314 2087 ac
1364 2057 1580 2104 propere
1632 2042 1726 2088 sibi

229 2113 495 2157 nuntiaret
537 2126 659 2156 num
704 2110 886 2156 eodem
928 2109 1079 2156 modo
1122 2108 1348 2171 undique
1390 2108 1724 2156 obsideretur.

290 2222 307 2247 ²
338 2227 579 2270 verterunt,
629 2223 674 2262 N
677 2223 769 2274 ipp.
792 2237 803 2270 ;
856 2225 1126 2269 averterunt,
1178 2220 1313 2262 MSS.
1336 2235 1348 2269 ;
1400 2225 1726 2271 converterunt,

234 2277 441 2318 Buchner.

292 2332 306 2356 ²
337 2331 403 2378 T.,
426 2330 626 2381 fila-qiu&
664 2329 732 2376 L.‚
756 2329 891 2370 MSS.

291 2385 307 2410 ³
338 2385 650 2431 Flamininum,
673 2384 878 2431 Lambin;
920 2383 1246 2430 Flamminium,
1271 2386 1372 2430 eto„
1396 2381 1533 2424 MSS.

696 2532 712 2557 ²
741 2531 831 2571 The
857 2530 1070 2583 praesidia
1096 2531 1141 2570 of
1165 2531 1241 2580 §4.

228 2611 324 2666 644
