1802 2942
651 127 1045 177 CORNELIUS
1091 126 1312 176 NEPOS

228 258 281 305 id
313 273 513 304 sumere
545 260 685 304 cuius
718 263 920 318 partem
952 256 1159 302 domum
1191 272 1335 301 suam
1367 254 1500 302 ferre
1531 262 1720 318 posset.

229 325 415 388 Itaque
443 327 640 386 accepit
667 323 968 370 Crithoten1
998 330 1053 369 et
1079 322 1298 370 Sestum.

291 390 341 441 2.
379 391 524 438 Idem
585 390 730 437 classi
790 388 1080 452 praefectus
1140 387 1519 436 circumvehens
1579 388 1723 437 Pelo-

228 475 529 521 ponnesum,
588 457 873 504 Laconicen
929 456 1220 519 populatus,
1278 456 1491 503 classem
1548 472 1723 504 eorum

227 526 445 590 fugavit,
463 525 734 588 Corcyram
758 525 852 571 sub
875 526 1145 586 imperium
1169 522 1562 570 Atheniensium
1577 524 1723 571 rede-

230 597 307 656 git
347 596 608 655 sociosque
649 592 787 639 idem
829 591 1062 638 adiunxit
1096 591 1352 653 Epirotas,
1386 589 1723 646 Athamanas,

230 660 462 707 Chaonas
511 675 790 721 omnesque
841 675 926 705 eas
976 665 1177 721 gentes,
1228 674 1360 721 quae
1409 674 1550 704 mare
1599 658 1724 705 illud

179 734 203 772 2
228 728 479 774 adiacent.
548 726 662 785 Quo
692 725 829 773 facto
861 725 1254 772 Lacedaemonii
1284 725 1348 772 de
1379 725 1579 771 diutina
1607 742 1724 772 con-

228 798 461 841 tentione
505 793 818 840 destiterunt
862 799 917 839 et
960 809 1052 839 sua
1095 799 1278 854 sponte
1323 791 1723 839 Atheniensibus

228 864 428 923 imperii
462 863 704 907 maritimi
738 862 1080 923 principatum
1119 866 1495 915 concesserunt,
1522 876 1724 921 pacem-

231 945 330 991 que
363 928 439 974 his
472 927 670 991 legibus
704 930 1097 981 constituerunt,
1130 933 1189 973 ut
1222 925 1564 973 Athenienses
1596 929 1723 973 mari

231 997 385 1042 duces
427 1002 614 1042 essent.
683 994 828 1053 Quae
884 997 1095 1041 victoria
1149 1000 1328 1040 tantae
1383 992 1482 1040 fuit
1537 994 1723 1041 Atticis

229 1063 477 1118 laetitiae,
518 1069 577 1109 ut
616 1069 728 1108 tum
769 1064 988 1124 primum
1036 1077 1153 1107 arae
1201 1060 1319 1107 Paci
1366 1060 1567 1123 publice
1621 1064 1724 1108 sint

179 1139 204 1178 3
227 1129 395 1176 factae
412 1133 560 1192 eique
577 1129 705 1175 deae
721 1128 952 1191 pulvinar
967 1131 1033 1174 sit
1042 1131 1352 1174 institutum.
1391 1128 1544 1174 Cuius
1559 1127 1722 1175 laudis

231 1205 290 1244 ut
322 1200 568 1243 memoria
600 1202 851 1251 maneret,
875 1194 1144 1242 Timotheo
1177 1194 1379 1257 publice
1413 1203 1639 1242 statuam
1672 1198 1723 1241 in

230 1263 338 1310 foro
362 1270 659 1326 posuerunt.
728 1262 829 1321 Qui
853 1261 1011 1309 honos
1035 1261 1152 1308 huic
1176 1265 1264 1308 uni
1289 1269 1410 1308 ante
1438 1263 1492 1309 id
1519 1269 1723 1324 tempus

231 1334 464 1395 contigit,
494 1337 570 1387 ut,
599 1347 715 1377 cum
755 1332 890 1392 patri
929 1329 1145 1392 populus
1187 1336 1413 1376 statuam
1453 1332 1723 1392 posuisset,

230 1399 331 1445 filio
382 1414 585 1461 quoque
636 1398 799 1444 daret.
868 1395 948 1443 Sic
997 1400 1144 1443 iuxta
1192 1400 1360 1458 posita
1409 1413 1584 1444 recens
1637 1396 1723 1442 filii

229 1473 458 1513 veterem
482 1468 642 1527 patris
666 1467 929 1511 renovavit
953 1466 1266 1510 memoriam.

292 1532 340 1583 3.
379 1533 475 1579 Hic
493 1549 609 1579 cum
627 1539 763 1578 esset
779 1548 965 1595 magno
983 1538 1110 1577 natu
1129 1538 1182 1577 et
1198 1533 1528 1593 magistratus
1545 1547 1723 1594 gerere

230 1599 463 1656 desisset,
477 1599 612 1646 bello
628 1598 970 1645 Athenienses
986 1598 1211 1660 undique
1226 1601 1389 1660 premi
1404 1605 1523 1644 sunt
1538 1601 1722 1661 coepti.

231 1666 510 1714 Defecerat
541 1666 738 1722 Samus,
769 1666 1020 1712 descierat
1051 1665 1433 1727 Hellespontus,
1464 1664 1724 1727 Philippus

230 1738 331 1780 iam
374 1742 486 1780 tum
528 1734 719 1789 valens,
765 1732 1023 1788 Macedo,2
1064 1732 1228 1778 multa
1269 1731 1601 1787 moliebatur3
1644 1735 1724 1779 cui

228 1805 489 1864 oppositus
515 1800 703 1847 Chares
729 1817 844 1846 cum
871 1807 1023 1855 esset,
1048 1816 1150 1846 non
1176 1802 1298 1845 satis
1323 1803 1375 1844 in
1402 1815 1462 1845 eo
1487 1800 1724 1862 praesidii

289 1899 305 1923 ¹
335 1897 576 1944 Crithoten,
598 1896 804 1943 Gebhard;
841 1896 1106 1943 Crithonem,
1126 1900 1226 1943 etc„
1247 1896 1299 1934 M
1301 1895 1381 1936 SS.

287 1953 303 1977 ²
331 1953 525 1999 Macedo,
549 1951 712 1991 omitted
731 1952 780 2002 by
799 1951 976 1998 Rosiu33
1010 1956 1086 2001 put
1103 1950 1207 2002 after
1230 1950 1458 2002 Philippus
1477 1950 1527 2001 by
1549 1950 1721 2001 Lupum

232 2005 359 2046 Guill.
383 2007 504 2046 omits
525 2006 768 2057 Philippus.

295 2115 311 2139 1
341 2115 551 2154 Pulvinar
566 2114 603 2152 is
619 2113 694 2152 the
712 2113 891 2152 cushion
908 2125 964 2151 on
981 2112 1121 2151 which
1139 2112 1214 2151 the
1230 2113 1371 2163 image
1390 2113 1435 2151 of
1450 2112 1525 2150 the
1541 2112 1724 2163 goddess

236 2182 324 2208 was
352 2168 518 2220 placed,
544 2168 591 2206 in
618 2167 742 2207 order
768 2167 868 2206 that
895 2166 1094 2217 offerings
1121 2166 1262 2217 might
1290 2165 1343 2204 be
1370 2170 1436 2204 set
1463 2165 1607 2205 before
1633 2166 1722 2207 her.

236 2223 382 2262 Alta-rs
400 2227 447 2261 to
465 2222 601 2260 Peace
618 2221 705 2260 had
723 2220 892 2260 existed
909 2221 1073 2266 earlier,
1092 2219 1167 2259 the
1184 2232 1277 2258 new
1295 2220 1526 2271 departure
1543 2233 1631 2259 was
1649 2220 1725 2260 the

238 2276 399 2315 annual
420 2275 612 2326 offering.

292 2330 307 2354 ²
335 2329 577 2380 According
594 2332 640 2367 to
662 2327 975 2366 Demosthenes
992 2329 1083 2376 (xx.
1102 2328 1185 2376 70),
1201 2326 1350 2366 Conon
1366 2339 1454 2366 was
1473 2326 1549 2365 the
1565 2325 1660 2366 first
1674 2330 1723 2367 to

235 2383 288 2422 be
306 2383 528 2422 honoured
545 2382 652 2420 with
669 2395 694 2420 a
712 2385 872 2427 statue,
891 2381 1003 2420 after
1021 2380 1286 2419 Harmodius
1303 2380 1391 2418 and
1414 2380 1722 2432 Aristogeiton.

293 2437 310 2460 ³
340 2437 429 2475 The
447 2437 658 2475 reference
679 2437 715 2474 is
732 2439 779 2474 to
795 2435 870 2473 the
887 2434 1026 2475 Social
1043 2434 1145 2474 War
1165 2434 1209 2474 of
1229 2435 1419 2476 357—355
1436 2445 1520 2475 B.0.
1577 2434 1724 2487 Nepos

236 2491 273 2530 is
290 2491 538 2529 inaccurate
555 2491 601 2529 in
619 2489 693 2528 the
712 2489 881 2528 details.

230 2575 321 2623 504
