1802 2942
655 191 1050 241 CORNELIUS
1096 190 1317 240 NEPOS

181 327 203 364 2
229 324 385 367 etiam
408 320 601 368 cultum
624 324 970 383 vestitumque
992 322 1228 366 mutavit.
1296 319 1564 381 Apparatu
1584 321 1726 381 regio

230 389 489 443 utebatur,
513 395 656 434 veste
684 387 917 441 Medica3
959 386 1205 433 satellites
1233 385 1377 432 Medi
1403 392 1456 432 et
1479 386 1726 448 Aegyptii

229 455 603 517 sequebantur3
647 454 949 516 epulabatur
970 470 1111 500 more
1135 452 1403 499 Persarum
1425 452 1726 498 luxuriosius

181 530 204 568 3
230 538 382 584 quam
411 525 497 584 qui
527 522 740 568 aderant
767 523 969 583 perpeti
996 527 1205 582 possent
1221 535 1233 574 ;
1280 520 1477 566 aditum
1503 522 1728 581 petenti-

229 589 322 635 bus
366 589 701 635 conveniundi
743 605 844 634 non
887 588 1062 643 dabat,
1105 587 1323 649 superbe
1364 586 1727 648 respondebat,

229 655 502 702 crudeliter
519 655 820 717 imperabat.
890 653 1126 716 Spartam
1143 654 1309 700 redire
1327 653 1537 699 nolebat
1552 667 1564 707 3
1584 652 1729 699 Colo-

230 739 338 778 nas,
367 726 452 784 qui
478 722 614 768 locus
642 726 693 767 in
722 739 842 784 agro
869 721 1066 767 Troade
1095 727 1190 776 est,
1217 737 1272 766 se
1299 720 1613 775 contulerat3
1656 720 1728 766 ibi

231 790 437 835 consilia
464 806 578 835 cum
606 792 802 851 patriae
831 795 943 834 tum
971 789 1064 834 sibi
1091 791 1294 833 inimica
1320 787 1572 849 capiebat.

179 863 205 900 4
295 856 355 902 Id
374 864 647 919 postquam
668 855 1059 901 Lacedaemonii
1078 858 1376 909 rescierunt,
1395 854 1592 916 legatos
1613 869 1729 899 cum

231 922 372 968 clava
411 923 476 969 ad
515 939 632 969 eum
668 925 934 977 miserunt,
972 925 1024 967 in
1063 938 1165 983 qua
1201 937 1341 967 more
1379 921 1578 967 illorum
1617 927 1729 966 erat

231 993 502 1051 scriptum:
553 992 647 1035 nisi
680 989 887 1035 domum
917 995 1279 1043 reverteretur,
1312 1004 1366 1034 se
1398 990 1577 1050 capitis
1611 1003 1729 1033 eum

180 1066 204 1102 5
231 1056 572 1103 damnaturos.
644 1056 754 1102 Hoc
811 1058 990 1102 nuntio
1049 1062 1348 1110 commotus,
1407 1070 1614 1117 sperans
1672 1070 1728 1100 se

232 1127 388 1169 etiam
430 1131 541 1169 tum
583 1126 799 1185 pecunia
842 1130 895 1169 et
937 1125 1171 1185 potentia
1211 1125 1405 1168 instans
1447 1120 1729 1184 periculum

230 1207 378 1252 posse
419 1190 692 1252 depellere,
733 1190 940 1236 domum
978 1189 1145 1235 rediit.
1215 1189 1330 1235 Huc
1369 1196 1428 1235 ut
1465 1191 1623 1244 venit,
1663 1188 1730 1234 ab

234 1257 432 1319 ephoris
468 1261 520 1302 in
555 1257 717 1302 vincla
751 1256 953 1318 publica
988 1263 1067 1303 est
1102 1259 1387 1310 coniectus3
1439 1255 1560 1302 licet
1594 1258 1730 1301 enim

231 1323 428 1387 legibus
463 1340 637 1370 eorum
669 1326 822 1370 cuivis
857 1322 1044 1385 ephoro
1076 1322 1171 1369 hoc
1202 1322 1370 1369 facere
1402 1325 1527 1386 regi.
1596 1322 1729 1368 Hinc

231 1398 407 1437 tamen
447 1407 501 1437 se
544 1391 821 1453 expedivit,
862 1407 1030 1453 neque
1073 1406 1133 1437 eo
1172 1393 1334 1453 magis
1376 1390 1584 1436 carebat
1624 1406 1732 1436 sus-

231 1462 457 1520 picione,
501 1474 619 1504 nam
645 1461 813 1520 opinio
838 1458 1082 1504 manebat
1108 1473 1225 1504 eum
1251 1474 1366 1503 cum
1389 1473 1513 1520 rege
1537 1455 1729 1503 habere

233 1529 547 1571 societatem.

181 1599 205 1637 6
291 1593 384 1638 Est
415 1608 575 1655 genus
611 1591 868 1654 quoddam
897 1590 1159 1636 hominum
1193 1590 1329 1653 quod
1353 1590 1560 1636 Hilotae
1585 1606 1730 1636 voca·

232 1665 332 1714 tur,
373 1676 587 1721 quorum
634 1675 822 1721 magna
868 1657 1143 1704 multitudo
1193 1674 1338 1721 agros
1387 1656 1731 1703 Lacedaemo-

231 1729 428 1771 niorum
475 1726 595 1772 colit
643 1741 1002 1787 servorumque
1049 1741 1261 1771 munere
1307 1723 1551 1787 fungitur.
1620 1723 1728 1770 Hos

183 1800 206 1838 7
233 1809 434 1854 quoque
460 1793 728 1838 sollicitare
760 1808 849 1854 spe
879 1792 1130 1838 libertatis
1157 1792 1559 1838 existimabatur.
1627 1790 1730 1838 Sed

233 1861 368 1922 quod
399 1859 577 1905 harum
599 1875 768 1905 rerum
791 1859 985 1905 nullum
1017 1865 1127 1905 erat
1151 1866 1387 1922 apertum
1415 1862 1605 1904 crimen
1627 1875 1729 1921 quo

284 2060 299 2084 1
329 2059 420 2099 The
452 2059 656 2107 σκυτάλη,
677 2073 703 2098 a
731 2072 881 2099 means
908 2059 953 2098 of
979 2066 1118 2100 secret
1139 2059 1509 2098 communication
1534 2058 1642 2098 used
1667 2058 1727 2110 by

227 2113 303 2153 the
330 2113 521 2164 Spartan
546 2114 715 2164 ephors.
775 2113 916 2152 When
941 2126 967 2151 a
994 2114 1097 2165 king
1124 2127 1172 2152 or
1196 2113 1370 2164 general
1394 2112 1477 2152 left
1502 2112 1647 2159 home,
1671 2112 1726 2152 he

227 2180 314 2206 was
334 2169 464 2218 given
484 2180 509 2205 a
529 2167 647 2213 staff,
669 2180 716 2205 or
735 2166 988 2218 cylindrical
1007 2168 1125 2218 piece
1146 2167 1190 2206 of
1208 2167 1349 2212 wood,
1369 2166 1544 2217 exactly
1561 2165 1726 2205 similar

225 2225 272 2259 to
301 2234 382 2259 one
409 2222 454 2259 in
480 2221 556 2260 the
584 2221 828 2271 possession
857 2221 901 2259 of
927 2221 1003 2260 the
1036 2221 1205 2272 ephors.
1265 2219 1406 2259 When
1431 2220 1538 2271 they
1563 2219 1726 2259 wished

224 2279 271 2313 to
310 2275 630 2313 communicate
665 2274 771 2313 with
807 2275 913 2319 him,
944 2274 1050 2325 they
1084 2274 1243 2313 wound
1278 2286 1305 2312 a
1337 2285 1508 2312 narrow
1537 2273 1647 2325 strip
1679 2272 1729 2312 of

225 2327 395 2366 leather
417 2330 462 2367 in
481 2339 508 2365 a
529 2327 662 2379 spiral
689 2329 857 2367 around
883 2328 959 2367 the
979 2327 1097 2374 staff,
1119 2329 1207 2367 and
1232 2332 1367 2366 wrote
1392 2327 1507 2366 their
1532 2339 1725 2377 message

226 2394 282 2419 on
311 2382 349 2420 it
383 2381 510 2432 along
541 2383 616 2420 the
646 2381 798 2432 length
829 2381 874 2420 of
905 2381 980 2420 the
1011 2381 1128 2421 staff.
1187 2381 1328 2420 When
1358 2380 1435 2419 the
1467 2379 1606 2432 thong
1635 2393 1726 2420 was

226 2434 439 2481 unrolled,
469 2435 572 2486 only
602 2435 816 2474 detached
849 2434 1001 2474 letters
1029 2448 1077 2474 or
1102 2435 1342 2486 fragments
1371 2434 1415 2473 of
1448 2434 1588 2473 words
1615 2446 1723 2473 were

226 2501 351 2534 seen3
390 2489 470 2528 but
497 2489 573 2528 the
599 2501 758 2540 person
785 2486 1023 2528 addressed
1047 2488 1175 2528 could
1201 2488 1306 2527 read
1333 2487 1408 2527 the
1439 2499 1633 2540 messa-ge
1664 2487 1722 2540 by

226 2542 354 2593 using
374 2542 439 2581 his
460 2542 579 2585 staff.
638 2542 717 2583 See
743 2542 920 2591 Gellius,
944 2542 1050 2583 xvii.
1076 2543 1115 2582 9.
1142 2543 1166 2581 6
1184 2542 1230 2582 ff.

223 2620 314 2676 416
