1802 2942
161 548 212 589 32

159 844 211 883 33

160 1365 212 1404 34

159 1883 211 1922 35

159 2030 211 2069 36

610 194 664 240 L.
717 192 1051 240 ANNAEUS
1100 192 1372 240 FLORUS

251 329 304 368 et
328 322 595 379 Antonius,
623 322 708 367 ille
736 321 953 384 Illyrico,
977 321 1059 366 hic
1093 321 1341 367 Curictico
1357 320 1376 349 1
1401 321 1547 367 litore
1572 327 1732 368 castra

251 400 548 457 posuissent,
574 399 672 440 iam
697 398 850 440 maria
875 395 977 441 late
1002 401 1216 441 tenente
1244 395 1496 456 Pompeio,
1521 401 1731 457 repente

249 469 447 530 legatus
518 473 623 516 eius
684 469 923 515 Octavius
996 469 1120 514 Libo
1189 470 1481 530 ingentibus
1500 469 1520 498 2
1579 472 1733 530 copiis

250 543 565 589 classicorum
625 549 896 605 utrumque
955 546 1296 588 circumvenit.
1406 542 1730 589 Deditionem

249 616 405 662 fames
442 620 654 662 extorsit
695 616 934 661 Antonio.
1010 616 1193 661 Missae
1228 632 1426 678 quoque
1465 633 1494 661 a
1533 615 1731 661 Basilo3

248 693 301 735 in
325 690 564 736 auxilium
591 693 696 735 eius
721 696 870 746 rates,
897 688 1069 751 quales
1094 693 1262 751 inopia
1286 693 1486 735 navium
1504 688 1735 746 fecerat,4

248 780 377 809 nova
433 765 850 825 Pompeianorum
897 770 1005 809 arte
1056 763 1265 808 Cilicum
1311 767 1434 809 actis
1478 763 1569 809 sub
1609 767 1733 808 mari

247 837 450 883 funibus
487 844 663 898 captae
701 839 840 899 quasi
879 852 968 898 per
1008 836 1314 897 indaginem.
1390 836 1526 882 Duas
1560 843 1733 882 tamen

248 918 415 957 aestus
443 911 698 973 explicuit.
776 911 904 966 Una,
931 926 1058 972 quae
1096 910 1422 971 Opiterginos
1445 909 1657 967 ferebat,
1681 913 1733 955 in

247 987 385 1033 vadis
428 987 591 1032 haesit
633 985 1115 1048 memorandumque
1158 989 1370 1047 posteris
1408 984 1735 1047 exemplum5

249 1061 405 1107 dedit.
481 1061 683 1122 Quippe
717 1063 797 1105 vix
821 1059 960 1105 mille
986 1062 1224 1106 iuvenum
1249 1076 1424 1105 manus
1450 1058 1734 1106 circumfusi

248 1136 471 1198 undique
499 1138 748 1181 exercitus
773 1151 863 1196 per
886 1140 1052 1180 totum
1090 1133 1226 1180 diem
1261 1133 1366 1180 tela
1401 1137 1655 1191 sustinuit,
1681 1141 1735 1180 et

249 1227 362 1256 cum
410 1213 601 1255 exitum
649 1212 806 1254 virtus
854 1224 957 1253 non
999 1208 1229 1265 haberet,
1275 1208 1523 1264 tandem,⁶
1570 1224 1634 1254 ne
1681 1212 1734 1254 in

248 1283 561 1329 deditionem
587 1285 800 1339 veniret,
825 1281 1063 1327 hortante
1089 1282 1292 1327 tribuno
1315 1281 1518 1327 Vulteio
1546 1286 1735 1328 mutuis

247 1358 430 1403 ictibus
455 1360 589 1402 inter
622 1372 675 1401 se
701 1358 965 1400 concurrit.
1044 1355 1103 1400 In
1129 1354 1299 1400 Africa
1323 1370 1521 1416 quoque
1557 1371 1646 1416 par
1681 1362 1735 1402 et

249 1435 404 1477 virtus
429 1437 482 1476 et
509 1430 762 1475 calamitas
785 1429 1011 1474 Curionis
1041 1427 1153 1485 fuit,
1180 1432 1264 1490 qui
1297 1428 1359 1473 ad
1392 1428 1734 1490 recipiendam

248 1508 553 1568 provinciam
577 1507 771 1560 missus,
797 1503 940 1565 pulso
976 1502 1252 1565 fugatoque
1279 1503 1408 1548 Varo
1429 1503 1448 1532 ⁷
1473 1504 1732 1564 superbus,

249 1581 470 1626 subitum
492 1579 647 1624 Iubae
672 1580 804 1639 regis
829 1577 1105 1623 adventum
1132 1580 1514 1638 equitatumque
1537 1577 1733 1623 Mauro-

248 1670 358 1698 rum
384 1655 632 1698 sustinere
665 1667 766 1696 non
793 1653 974 1712 potuit.
1049 1650 1263 1696 Patebat
1299 1653 1431 1695 victo
1455 1649 1607 1711 fuga;
1645 1651 1733 1697 sed

249 1727 409 1789 pudor
446 1729 616 1782 suasit,
643 1732 701 1771 ut
737 1728 972 1770 amissum
1005 1740 1092 1770 sua
1128 1728 1419 1770 temeritate
1457 1728 1735 1771 exercitum

248 1808 411 1847 morte
432 1801 452 1830 ⁸
477 1806 788 1862 sequeretur.

317 1874 418 1922 Sed
464 1878 562 1919 iam
601 1873 831 1918 debitum
873 1888 961 1933 par
1005 1871 1226 1917 Fortuna
1263 1871 1522 1934 flagitante
1560 1873 1733 1919 sedem

248 1949 383 1995 bello
411 1948 677 2008 Pompeius
716 1947 904 2007 Epiron
942 1945 1167 2007 elegerat
1187 1963 1199 2005 3
1236 1962 1330 1991 nec
1367 1945 1546 1991 Caesar
1580 1963 1734 1992 mora-

247 2024 407 2069 batur.
483 2022 686 2082 Quippe
711 2019 953 2065 ordinatis
990 2036 1018 2064 a
1054 2026 1200 2081 tergo
1234 2021 1479 2077 omnibus,
1509 2023 1734 2082 quamvis

414 2161 428 2184 1
457 2160 703 2201 Curictico:
736 2158 969 2197 currictico
989 2158 1052 2198 L:
1085 2159 1274 2210 syretico
1294 2160 1345 2199 B.

412 2214 427 2238 ²
457 2213 733 2265 ingentibus:
765 2211 947 2264 genibus
967 2213 1017 2251 B.

413 2269 428 2292 ³
458 2282 483 2307 a
505 2267 650 2307 Basilo
672 2270 918 2306 Asulanus:
949 2265 1116 2305 ablatio
1136 2267 1200 2306 B:
1232 2265 1397 2305 ablasio
1416 2265 1512 2308 NL.

412 2323 429 2346 ⁴
456 2322 646 2362 fecerat:
678 2320 874 2360 fecerant
894 2321 943 2359 B.

411 2375 427 2400 ⁵
457 2375 704 2426 exemplum
725 2374 1061 2413 Freinshemius:
1092 2373 1260 2413 exitum
1280 2374 1392 2413 codd.

411 2430 427 2454 ⁶
458 2429 637 2469 tandem
657 2429 868 2468 Iahnius:
900 2433 1046 2467 tamen
1066 2428 1178 2467 codd.

413 2484 427 2507 ⁷
458 2484 599 2523 Varo:
632 2494 759 2522 varro
780 2483 828 2521 B.

414 2537 429 2560 Β
457 2542 623 2576 morte:
656 2536 810 2575 mortis
831 2536 881 2576 B.

251 2617 343 2673 276
