1747 2912
104 596 150 634 11

109 998 155 1036 12

548 124 603 173 L.
656 122 993 169 ANNAEUS
1045 121 1315 170 FLORUS

188 259 533 314 argenteoque
581 250 759 296 baculo
808 257 861 296 et
913 253 1108 311 regium
1155 252 1208 294 in
1255 265 1445 295 morem
1504 248 1672 294 fronte

188 320 422 365 redimita
469 335 571 364 non
618 321 863 363 minorem
911 333 1061 379 quam
1107 315 1193 362 ille
1247 315 1494 361 fanaticus
1540 319 1673 376 prior

189 386 420 432 conflavit
457 388 753 441 exercitum,
777 387 1037 446 acriusque
1063 383 1240 439 multo,
1266 386 1405 445 quasi
1442 389 1495 429 et-
1530 382 1673 428 illum

191 453 485 510 vindicaret,
509 455 659 509 vicos,
685 451 885 513 oppida,
910 450 1116 496 castella
1139 449 1394 511 diripiens,
1420 454 1473 494 in
1507 465 1674 496 servos

195 520 428 566 infestius
477 536 626 581 quam
671 522 725 563 in
771 517 1037 564 dominosl
1090 520 1229 579 quasi
1275 520 1328 561 in
1373 515 1674 577 transfugas,

188 588 453 633 saeviebat.
528 587 608 631 Ab
644 585 739 631 hoc
775 601 975 647 quoque
1002 587 1239 646 praetorii
1275 587 1524 629 exercitus
1559 583 1674 640 fusi,

191 661 337 716 capta
395 653 574 700 Servili
633 659 810 709 castra,
857 658 1004 713 capta
1063 651 1273 696 Luculli.
1372 650 1472 696 Sed
1529 649 1674 695 Titus

191 722 421 784 Aquilius
494 720 777 781 Perpernae
847 735 963 764 usus
1034 717 1281 779 exemplo,
1346 717 1675 763 interclusum

191 789 389 834 hostem
432 788 793 833 commeatibus
834 786 897 831 ad
937 791 1162 831 extrema
1200 784 1426 846 conpulit
1473 787 1675 829 commi-

191 863 441 916 nutasque
490 857 655 915 copias
704 853 835 898 fame
882 856 1031 897 armis
1072 852 1218 897 facile
1266 851 1486 906 delevit3
1534 850 1675 897 dedi-

192 923 486 984 dissentque
529 937 598 977 se,
636 924 731 966 nisi
768 919 1124 981 suppliciorum
1165 925 1306 964 metu
1346 918 1677 964 voluntariam

191 997 406 1035 mortem
431 987 802 1050 praetulissent.
876 988 951 1032 Ac
977 1002 1042 1032 ne
1068 986 1132 1032 de
1163 986 1291 1031 duce
1319 985 1525 1047 quidem
1562 1001 1676 1046 sup-

193 1057 398 1119 plicium
457 1059 590 1116 exigi
649 1058 832 1116 potuit,
893 1056 1117 1115 quamvis
1189 1057 1328 1098 vivus
1387 1056 1440 1097 in
1497 1068 1675 1098 manus

195 1127 421 1177 venerit;
470 1126 657 1184 quippe
701 1121 820 1167 dum
859 1125 988 1166 circa
1034 1119 1521 1181 adprehendendum
1562 1135 1678 1165 eum

193 1208 221 1235 a
257 1189 584 1236 multitudine
628 1188 970 1245 contenditur,
1008 1191 1143 1233 inter
1185 1190 1457 1233 rixantium
1497 1201 1673 1232 manus

193 1257 379 1320 praeda
414 1256 632 1303 lacerata
664 1261 753 1301 est.

566 1465 710 1512 VIII.
760 1465 960 1510 BELLVM
997 1463 1313 1511 SPARTACWM

110 1582 178 1623 111,
198 1566 260 1612 20
298 1565 565 1610 ENIMVERO
604 1571 657 1610 et
693 1563 946 1609 servilium
982 1579 1230 1608 armorum
1266 1561 1487 1607 dedecus
1522 1559 1682 1621 feras;

141 1842 165 1879 2

142 2110 166 2149 3

198 1650 314 1678 nam
363 1636 459 1678 etsi
506 1647 596 1692 per
645 1630 897 1676 fortunam
945 1633 996 1675 in
1044 1633 1210 1674 omnia
1258 1629 1474 1685 obnoxii,
1510 1634 1683 1674 tamen

199 1703 338 1762 quasi
377 1699 654 1745 secundum
695 1697 956 1742 hominum
997 1712 1158 1758 genus
1197 1702 1316 1742 sunt
1363 1702 1417 1741 et
1462 1698 1515 1740 in
1553 1696 1684 1740 bona

197 1767 445 1813 libertatis
470 1772 669 1811 nostrae
695 1764 1001 1825 adoptantur
1025 1780 1034 1809 :
1072 1763 1263 1809 bellum
1289 1762 1528 1823 Spartaco
1553 1761 1682 1808 duce

197 1837 505 1879 concitatum
552 1848 650 1894 quo
692 1835 896 1877 nomine
944 1830 1196 1892 appellem
1245 1833 1444 1884 nescio3
1494 1832 1682 1891 quippe

200 1917 313 1946 cum
361 1899 525 1945 servi2
562 1899 909 1955 militaverint,
957 1897 1260 1959 gladiatores
1308 1899 1684 1957 imperaverint,

199 1968 271 2013 illi
326 1967 524 2012 infimae
583 1969 729 2012 sortis
787 1965 1032 2018 homines,
1079 1964 1133 2009 hi
1185 1979 1448 2026 pessumae
1500 1978 1685 2009 auxere

198 2035 425 2081 ludibriis
463 2034 801 2078 calamitatem
840 2032 1125 2078 Romanam.

265 2101 547 2163 Spartacus,
608 2099 802 2156 Crixus,
861 2099 1149 2145 Oenomaus
1209 2098 1410 2143 effracto
1478 2095 1686 2142 Lentuli

255 2202 270 2226 ²
298 2203 343 2241 in
383 2215 529 2241 servos
568 2201 772 2240 infestius
811 2213 942 2252 quam
980 2200 1027 2238 in
1063 2198 1261 2238 dominos
1304 2197 1594 2237 Rossbachius:
1641 2197 1687 2236 in

202 2256 399 2295 dominos
428 2269 557 2307 quam
587 2256 633 2294 in
663 2267 809 2293 servos
839 2253 1043 2293 infestius
1074 2255 1221 2305 (quam
1249 2265 1326 2292 om.
1361 2251 1460 2300 NL)
1489 2251 1601 2291 codd.

257 2311 272 2334 ²
303 2311 441 2349 servi:
472 2308 715 2349 serviliberi
735 2310 783 2347 B.

276 2418 292 2442 1
323 2418 460 2458 Other
480 2417 743 2457 authorities
764 2417 863 2468 give
883 2416 951 2456 his
971 2428 1097 2456 name
1118 2429 1165 2455 as
1187 2415 1365 2455 Manius
1385 2413 1605 2467 Aquilius.

280 2473 296 2497 ²
322 2475 390 2513 zze.
409 2472 468 2524 by
490 2471 816 2511 manumission.

205 2565 298 2607 240
