1747 2912
496 133 551 180 L.
604 133 700 179 AN
710 132 940 179 NAEUS
991 131 1261 178 FLORUS

136 264 505 324 officiorumque
541 261 827 307 discrimina
865 264 917 305 in
964 259 1160 306 tabulas
1203 259 1531 317 referrentur,
1566 276 1625 306 ac

137 344 242 391 sic1
276 347 492 389 maxima
528 345 700 388 civitas
735 344 972 387 minimae
1009 340 1186 386 domus
1223 340 1489 402 diligentia
1514 356 1626 386 con-

136 429 397 472 tineretur.

83 508 109 554 7
205 506 490 551 Postremus
538 501 635 548 fuit
682 506 905 548 omnium
951 518 1130 563 regum
1177 501 1497 564 Tarquinius,
1544 504 1627 547 cui

79 592 104 630 2
135 601 416 648 cognomen
443 584 669 645 Superbo
695 598 758 628 ex
782 583 1002 628 moribus
1028 581 1217 627 datum.
1293 581 1394 626 Hic
1414 597 1627 642 regnum

137 670 343 723 avitum,
391 664 526 727 quod
581 681 609 709 a
668 663 841 710 Servio
887 663 1177 719 tenebatur,
1226 678 1401 723 rapere
1448 661 1627 708 maluit

139 764 286 810 quam
336 752 620 807 expectare,
667 747 928 806 missisque
988 747 1041 788 in
1094 759 1209 788 eum
1257 743 1628 804 percussoribus

140 828 329 874 scelere
371 833 566 888 partam
609 831 916 886 potestatem
958 840 1061 869 non
1108 823 1286 869 melius
1327 827 1433 885 egit
1480 839 1629 885 quam

79 919 103 957 3
135 909 485 971 adquisiverat.
562 906 669 952 Nec
703 905 1005 951 abhorrebat
1040 906 1260 949 moribus
1294 920 1416 949 uxor
1450 903 1627 960 Tullia,

141 1006 286 1052 quae,
333 995 391 1034 ut
438 991 597 1032 virum
646 1002 819 1048 regem
869 985 1128 1042 salutaret,
1170 1001 1318 1046 supra
1365 991 1630 1030 cruentum

141 1077 338 1133 patrem
380 1075 526 1114 vecta
569 1073 811 1128 carpento
853 1072 1203 1113 consternatos
1246 1081 1400 1128 equos
1442 1068 1628 1127 exegit.

86 1161 111 1197 4
141 1151 243 1198 Sed
279 1154 385 1211 ipse
410 1153 461 1194 in
489 1155 720 1195 senatum
746 1147 997 1204 caedibus,
1019 1150 1071 1191 in
1096 1146 1300 1208 plebem
1326 1146 1631 1202 verberibus,

141 1236 194 1278 in
253 1233 414 1277 omnis
474 1230 724 1291 superbia,
772 1244 900 1290 quae
958 1227 1259 1273 crudelitate
1313 1230 1509 1289 gravior
1554 1232 1633 1272 est

142 1314 303 1370 bonis,
329 1317 596 1373 grassatus,
624 1326 736 1355 cum
763 1312 1022 1355 saevitiam
1047 1308 1178 1353 domi
1218 1307 1493 1369 fatigasset,
1520 1313 1632 1353 tan·

85 1403 110 1440 5
141 1394 258 1440 dem
291 1396 345 1438 in
380 1392 550 1438 hostes
584 1406 851 1436 conversus
888 1396 978 1435 est.
1053 1388 1134 1435 Sic
1170 1388 1335 1434 valida
1369 1388 1514 1435 Latio
1545 1404 1632 1450 op-

144 1475 262 1538 pida
298 1480 445 1535 capta
481 1478 611 1530 sunt,
653 1470 837 1528 Ardea,
882 1469 1186 1527 Ocricolum,
1231 1467 1416 1526 Gabii,2
1454 1469 1634 1516 Suessa

90 1563 114 1602 6
147 1555 387 1601 Pometia.
460 1553 590 1598 Tum
627 1568 826 1614 quoque
870 1557 1108 1597 cruentus
1150 1554 1202 1596 in
1251 1566 1376 1596 suos
1453 1550 1632 1612 Neque

146 1639 281 1683 enim
307 1635 462 1680 filium
487 1634 753 1679 verberare
790 1632 1056 1690 dubitavit,
1086 1638 1142 1678 ut
1180 1631 1437 1677 simulanti
1473 1637 1633 1677 trans-

93 1725 116 1764 7
148 1717 320 1778 fugam
358 1714 492 1777 apud
527 1714 687 1760 hostis
723 1713 841 1758 hinc
875 1698 998 1759 fides
1025 1718 1171 1759 esset.
1246 1712 1337 1757 Cui
1364 1712 1553 1770 Gabiis,
1578 1719 1636 1758 ut

146 1798 389 1852 voluerat,
432 1801 639 1856 recepto
687 1801 742 1840 et
788 1810 878 1856 per
924 1797 1130 1839 nuntios
1179 1792 1475 1851 consulenti,
1514 1793 1635 1855 quid

146 1876 253 1921 fieri
291 1873 458 1931 vellet,
498 1875 777 1918 eminentia
825 1871 956 1917 forte
999 1886 1305 1933 papaverum
1341 1874 1506 1932 capita
1540 1874 1636 1916 vir-

146 1955 264 2018 gula
319 1956 594 2011 excutiens,
646 1969 760 1998 cum
809 1968 899 2013 per
951 1951 1047 1997 hoc
1094 1950 1469 1997 interficiendos
1527 1966 1636 1998 esse

148 2038 400 2099 principes
442 2034 601 2080 vellet
645 2032 895 2094 intellegi,
932 2030 1107 2094 quasi3
1153 2032 1384 2092 superbia
1425 2031 1639 2090 sileret,4

147 2115 411 2178 respondit
452 2121 637 2162 tamen.
714 2113 794 2159 De
841 2114 1089 2158 manubiis
1133 2118 1390 2173 captarum
1439 2113 1636 2158 urbium

93 2207 118 2246 8
147 2196 396 2259 templum
430 2199 604 2243 erexit.
678 2193 829 2252 Quod
866 2209 979 2240 cum
1018 2196 1416 2254 inauguraretur,
1452 2192 1636 2240 ceden-

448 2319 464 2344 1
493 2319 579 2358 sic:
615 2319 650 2357 si
671 2319 720 2359 B.

449 2373 466 2397 2
494 2372 622 2413 Gabii
643 2372 712 2412 N:
744 2371 883 2423 gravii
906 2371 955 2411 B.

449 2427 466 2452 ³
496 2427 621 2479 quasi
648 2426 833 2465 Tinzius:
864 2438 951 2477 qua
972 2423 1047 2465 BI
1064 2438 1074 2465 t
1104 2436 1215 2476 quae
1239 2423 1285 2463 N
1292 2424 1342 2464 L.

451 2481 468 2505 ⁴
495 2482 646 2521 sileret
666 2480 912 2530 Hauptius:
939 2478 1002 2518 sic
1020 2479 1129 2519 codd.

155 2566 212 2598 22
