1802 2942
143 399 196 440 37

141 926 193 965 38

142 1277 193 1316 39

139 1540 192 1579 40

139 1978 190 2016 41

140 2152 191 2191 42

598 174 652 223 L.
704 175 1038 223 ANNAEUS
1088 175 1360 224 FLORUS

235 303 433 365 hiemps
479 303 646 350 media
693 303 986 365 prohiberet
1039 310 1364 366 tempestate,
1412 305 1475 352 ad
1529 305 1719 352 bellum

233 394 518 453 navigavit3
566 394 841 453 positisque
881 391 944 437 ad
984 391 1190 437 Oricum
1228 396 1417 449 castris,
1459 408 1571 438 cum
1606 409 1720 454 pars

235 482 484 526 exercitus
524 478 587 524 ob
625 481 846 540 inopiam
885 481 1087 524 navium
1130 495 1243 525 cum
1283 479 1508 526 Antonio
1545 479 1721 526 relicta

235 566 487 612 Brundisii
529 583 719 612 moram
771 566 979 624 faceret,
1025 566 1153 613 adeo
1203 570 1456 629 inpatiens
1498 574 1622 626 erat,
1662 574 1721 614 ut

232 655 295 701 ad
328 654 650 701 arcessendos
689 670 772 700 eos
805 654 1018 701 ardente
1052 658 1216 701 ventis
1251 658 1392 711 mari,
1417 662 1567 702 nocte
1603 671 1718 702 con-

235 743 394 799 cubia,
441 742 775 804 speculatorio
827 745 1026 804 navigio
1069 742 1201 788 solus
1247 745 1320 789 ire
1375 746 1716 804 temptaverit.

233 830 389 876 Extat
424 829 487 875 ad
529 828 786 890 trepidum
830 836 973 875 tanto
1006 828 1293 876 discrimine
1330 831 1717 891 gubernatorem

231 934 326 963 vox
351 920 522 979 ipsius,
556 921 584 943 “
604 916 738 974 Quid
773 918 960 963 times?
982 916 1001 946 1
1040 917 1302 964 Caesarem
1338 917 1524 963 vehis.''
1597 917 1715 964 Con-

230 1008 404 1052 tractis
440 1008 492 1050 in
531 1021 687 1050 unum
723 1004 945 1066 undique
985 1005 1216 1050 omnibus
1251 1007 1405 1066 copiis
1445 1007 1718 1068 positisque

231 1096 508 1139 comminus
567 1096 740 1138 castris
800 1092 994 1138 diversa
1053 1099 1198 1139 erant
1255 1093 1440 1138 ducum
1498 1093 1718 1142 consilia.

233 1181 412 1227 Caesar
437 1196 527 1242 pro
552 1187 731 1226 natura
763 1179 904 1226 ferox
943 1187 996 1227 et
1033 1180 1374 1227 conficiendae
1411 1184 1484 1225 rei
1509 1180 1719 1243 cupidus

229 1274 485 1315 ostentare
527 1271 703 1325 aciem,
744 1283 1030 1329 provocare,
1070 1267 1350 1323 lacessere3
1403 1285 1538 1314 nunc
1590 1269 1719 1315 obsi-

230 1356 380 1402 dione
407 1361 698 1412 castrorum,
726 1371 853 1417 quae
879 1355 1100 1401 sedecim
1124 1355 1319 1401 milium
1343 1355 1472 1400 vallo
1497 1355 1718 1402 obduxe-

229 1443 467 1491 rat—sed
491 1443 612 1505 quid
636 1446 694 1489 iis
714 1443 734 1472 2
761 1444 962 1489 obesset
994 1443 1201 1501 obsidio,
1227 1446 1311 1505 qui
1349 1449 1560 1505 patente
1594 1446 1718 1488 mari

231 1532 463 1578 omnibus
512 1534 666 1593 copiis
717 1530 1037 1577 abundarent
1057 1533 1282 1577 ?—nunc
1341 1534 1718 1593 expugnatione

232 1618 479 1682 Dyrrachi
503 1621 669 1675 inrita,
697 1621 885 1681 quippe
917 1635 1067 1681 quam
1093 1618 1173 1665 vel
1193 1618 1213 1647 3
1247 1622 1371 1665 situs
1404 1623 1716 1681 inexpugna-

229 1707 383 1753 bilem
409 1705 630 1760 faceret3
663 1705 727 1751 ad
752 1705 846 1751 hoc
871 1705 1092 1752 adsiduis
1111 1709 1164 1752 in
1185 1705 1476 1768 eruptione4
1494 1706 1717 1753 hostium

230 1795 447 1858 proeliis,
507 1810 605 1856 quo
663 1800 894 1855 tempore
956 1798 1162 1856 egregia
1220 1797 1378 1839 virtus
1450 1793 1717 1840 Scaevolae

233 1885 541 1929 centurionis
585 1884 809 1938 emicuit,
852 1884 990 1927 cuius
1028 1885 1082 1926 in
1130 1887 1271 1927 scuto
1320 1887 1525 1927 centum
1563 1888 1717 1944 atque

231 1973 411 2032 viginti
446 1969 550 2016 tela
588 1968 831 2015 sederunt
852 1984 864 2024 ;
901 1972 998 2014 iam
1036 1985 1155 2015 vero
1196 1969 1394 2014 urbium
1432 1968 1717 2030 direptione

233 2061 494 2114 sociarum,
519 2073 630 2102 cum
670 2056 878 2102 Oricum
905 2063 957 2102 et
984 2056 1243 2118 Gomphos
1269 2062 1322 2102 et
1345 2056 1442 2101 alia
1471 2055 1678 2102 castella
1695 2054 1718 2085 5

230 2144 518 2191 Thessaliae
537 2150 769 2190 vastaret.
827 2144 1094 2205 Pompeius
1110 2143 1348 2190 adversus
1367 2143 1493 2190 haec
1508 2149 1716 2190 nectere

231 2248 408 2289 moras,
434 2235 769 2293 tergiversari,
796 2234 865 2277 sic
901 2231 1100 2278 hostem
1133 2230 1462 2278 interclusum
1489 2229 1716 2294 undique

385 2365 398 2390 ¹
431 2365 538 2418 quid
559 2366 688 2405 times
711 2378 788 2406 om.
812 2366 865 2406 B.
1140 2365 1157 2390 ²
1187 2365 1268 2405 iis:
1295 2364 1332 2404 is
1353 2365 1402 2406 B.

388 2421 404 2444 ³
435 2419 531 2458 vel:
563 2421 629 2458 vis
650 2421 700 2458 B.

384 2474 401 2498 ⁴
429 2474 473 2512 in
493 2474 753 2525 eruptione:
785 2473 1040 2525 inruptione
1060 2474 1124 2513 B:
1155 2473 1479 2524 ineruptionem
1499 2471 1548 2514 L.

384 2527 400 2551 ⁵
430 2527 610 2567 castella
630 2540 709 2567 om.
730 2529 779 2566 B.

228 2605 321 2664 278
