1747 2912
498 196 553 242 L.
606 195 938 243 ANNAEUS
989 195 1259 242 FLORUS

138 323 295 369 veluti
331 327 474 370 ruina
511 327 699 386 pariter
729 323 957 381 involvit,
988 329 1045 369 ut
1083 318 1263 369 eodem
1304 328 1536 384 tempore
1572 328 1626 368 et

140 400 337 446 Italiam
399 407 770 448 consummaret
825 407 879 447 et
927 403 1285 446 transmarinos
1335 399 1626 461 'triumphos

78 482 102 521 2
140 482 494 539 auspicaretur.
592 478 858 535 Tarentus,
919 476 1434 523 Lacedaemoniorum
1486 492 1626 539 opus,

142 555 397 602 Calabriae
437 556 692 620 quondam
735 562 788 601 et
830 554 1044 617 Apuliae
1081 557 1339 616 totiusque
1378 553 1627 600 Lucaniae

140 640 308 693 caput,
337 650 451 679 cum
488 633 841 696 magnitudine
879 639 932 678 et
967 635 1120 678 muris
1156 638 1406 694 portuque
1431 631 1636 693 nobilis,

79 716 103 754 3
139 716 248 755 tum
307 712 586 757 mirabilis1
631 715 745 756 situ.
834 709 1036 771 Quippe
1093 712 1145 754 in
1199 712 1318 770 ipsis
1381 708 1630 754 Hadriani

138 791 286 833 maris
337 788 563 834 faucibus
620 791 782 849 posita
828 791 881 832 in
930 789 1089 832 omnis
1139 793 1314 842 terras,
1366 786 1628 842 Histriam,

140 864 413 926 Illyricum,
452 866 659 928 Epiron,
696 863 959 921 Achaiam,
996 863 1238 920 Africam,
1266 863 1486 909 Siciliam
1519 862 1630 909 vela

140 941 366 989 dimittit.
468 943 694 988 Inminet
752 945 920 1003 portui
979 940 1042 987 ad
1101 947 1422 1003 prospectum
1481 944 1630 986 maris

140 1023 357 1080 positum
417 1020 693 1077 theatrum,
753 1019 887 1082 quod
947 1018 1155 1081 quidem
1215 1035 1363 1063 causa
1418 1020 1629 1064 miserae

80 1105 106 1140 4
143 1100 333 1143 civitati
391 1098 488 1145 fuit
535 1101 759 1144 omnium
815 1096 1191 1143 calamitatium.
1280 1094 1447 1141 Ludos
1497 1094 1630 1142 forte

139 1174 445 1232 celebrabat,
470 1192 583 1221 cum
607 1175 982 1235 adremigantes
1008 1174 1142 1220 litori
1177 1173 1423 1219 Romanas
1449 1172 1630 1219 classes

140 1252 331 1308 vident,
358 1260 514 1315 atque
552 1253 751 1299 hostem
787 1255 882 1297 rati
920 1255 1156 1307 emicant,
1197 1253 1305 1296 sine
1342 1250 1630 1296 discrimine

79 1337 104 1374 5
143 1329 407 1376 insultant.
500 1330 601 1388 Qui
658 1333 793 1376 enim
847 1335 936 1375 aut
988 1328 1124 1375 unde
1188 1328 1433 1373 Romani?
1521 1326 1630 1373 Nec

140 1410 271 1452 satis.
334 1408 541 1454 -Aderat
584 1411 691 1453 sine
733 1423 869 1452 mora
911 1406 1188 1468 querellam
1222 1405 1389 1451 ferens
1424 1404 1625 1467 legatio.

144 1484 292 1529 Hanc
318 1501 517 1548 quoque
552 1485 699 1531 foede
725 1501 816 1546 per
852 1485 1121 1530 obscenam
1158 1490 1462 1545 turpemque
1489 1482 1630 1529 dictu

82 1569 106 1607 6
143 1563 499 1608 contumeliam
547 1562 770 1617 violant;
827 1568 880 1608 et
928 1561 1046 1606 hinc
1094 1560 1298 1607 bellum.
1396 1559 1499 1606 Sed
1545 1576 1630 1622 ap-

139 1646 340 1700 paratus
417 1640 681 1697 horribilis,
743 1656 857 1685 cum
923 1645 1003 1685 tot
1079 1638 1225 1684 simul
1297 1636 1471 1699 populi
1540 1653 1631 1699 pro

140 1716 425 1763 Tarentinis
482 1723 846 1779 consurgerent
895 1717 1226 1777 omnibusque
1282 1715 1632 1761 vehementior

143 1793 376 1855 Pyrrhus,
420 1798 505 1857 qui
547 1798 904 1856 semigraecam
955 1810 1018 1840 ex
1061 1792 1489 1839 Lacedaemoniis
1519 1808 1632 1837 con-

141 1871 386 1917 ditoribus
434 1876 691 1918 civitatem
731 1871 1073 1918 vindicaturus
1120 1887 1235 1916 cum
1282 1873 1402 1916 totis
1444 1871 1631 1915 viribus

142 1948 295 2010 Epiri,
339 1949 645 2006 Thessaliae,
690 1949 1020 1995 Macedoniae
1059 1951 1432 2010 incognitisque
1479 1950 1532 1992 in
1579 1946 1630 1993 id

141 2032 341 2087 tempus
390 2027 676 2088 elephantis
723 2030 848 2072 mari
894 2032 1043 2085 terra,
1094 2028 1210 2071 viris
1263 2028 1404 2087 equis
1463 2028 1629 2081 armis,

141 2103 314 2149 addito
339 2107 544 2165 insuper
569 2104 787 2151 ferarum
811 2110 1003 2150 terrore
1029 2103 1279 2149 veniebat.

85 2185 108 2226 7
213 2181 362 2241 Apud
406 2182 710 2228 Heracleam
759 2181 1061 2242 Campaniae
1114 2180 1421 2242 fluviumque
1472 2178 1628 2225 Lirim

144 2256 364 2304 Laevino
398 2259 602 2305 consule
638 2263 798 2321 prima
833 2275 1019 2320 pugna,
1051 2274 1179 2320 quae
1215 2264 1321 2303 tam
1356 2264 1499 2303 atrox
1533 2256 1635 2303 fuit>

142 2341 199 2380 ut
259 2335 605 2382 Ferentaneae
664 2343 860 2382 turmae
911 2335 1198 2397 praefectus
1249 2334 1506 2391 Obsidius,
1553 2336 1630 2379 in·

445 2437 460 2460 1
491 2436 705 2476 mirabilis
727 2437 775 2476 N
789 2437 972 2476 Iahnius
992 2452 1000 2475 :
1033 2434 1224 2474 mirabili
1245 2436 1321 2475 BI.

761 2564 778 2591 ¹
806 2566 884 2605 280
906 2577 941 2605 B.
952 2576 987 2606 c.

139 2622 206 2681 58.
