1747 2912
184 295 389 336 XXIIII.

239 350 382 390 XXV.

215 403 385 444 XXVI.

193 458 386 498 XXVII.

169 512 385 552 XXVIII.

141 566 386 606 XXVIIII.

235 620 384 661 XXX.

214 674 388 714 XXXI.

191 728 388 769 XXXII,

163 782 387 823 XXXIII.

138 836 388 877 XXXIIII.

200 891 290 930 XX
297 891 389 931 XV.

178 945 390 986 XXXVI.

149 999 389 1039 XXXVII.

125 1053 389 1094 XXXVIII.

102 1107 390 1149 XXXVIIII.

300 1162 391 1202 XL.

275 1216 391 1256 XLI.

250 1270 393 1310 XLII.

223 1324 391 1365 XLIII.

200 1378 379 1419 XLIIII

262 1410 394 1473 XLV'.

237 1487 395 1526 XLVI.

219 1541 398 1582 XLVII.

409 167 462 216 L.
509 168 841 215 ANNAEUS
892 167 1165 215 FLORUS

449 296 622 336 Bellum
642 295 868 348 Syriacum
888 296 1002 349 regis
1023 296 1244 337 Antiochi.

445 350 617 389 Bellum
638 350 856 390 Aetolum.

446 404 617 444 Bellum
638 405 896 444 Histricum.

447 457 617 498 Bellum
638 458 981 510 Gallograecum.

449 512 621 552 Bellum
642 512 974 552 Macedonicum
996 512 1245 555 secundum.

449 566 622 606 Bellum
644 566 872 619 Illyricum
892 566 1142 607 secundum.

447 620 618 660 Bellum
638 620 966 660 Macedonicum
987 622 1182 662 tertium.

449 674 621 714 Bellum
642 674 855 714 Punicum
874 675 1068 716 tertium.

449 728 621 768 Bellum
641 729 895 769 Achaicum.

451 783 537 822 Res
559 785 603 822 in
623 783 840 835 Hispania
858 787 1019 835 gestae.

450 836 623 877 Bellum
644 837 979 877 Numantinum.

452 890 625 931 Bellum
646 892 902 931 Asiaticum.

454 945 625 985 Bellum
647 946 972 998 Iugurthinum.

452 999 623 1039 Bellum
645 999 943 1052 Allobrogum.

452 1054 625 1094 Bellum
645 1053 911 1094 Cimbricum
932 1053 1221 1094 Teutonicum
1241 1054 1512 1108 Tigurinum.

450 1108 622 1148 Bellum
642 1108 913 1148 Thracicum.

454 1162 626 1202 Bellum
644 1162 1011 1203 Mithridaticum.

454 1216 626 1256 Bellum
645 1217 893 1268 piraticum.

455 1270 626 1310 Bellum
649 1270 882 1311 Creticum.

453 1324 625 1364 Bellum
645 1324 931 1365 Balearicum.

454 1378 691 1430 Expeditio
712 1379 757 1418 in
777 1378 985 1431 Cyprum.

457 1432 629 1472 Bellum
649 1432 878 1473 Gallicum.

458 1487 631 1527 Bellum
650 1487 922 1530 Parthicum.

462 1541 840 1594 Anacespalaeosis.

299 1720 335 1767 I.
376 1720 422 1766 A
461 1721 667 1767 Bomio
704 1720 944 1767 TEMPonA
987 1720 1164 1767 1112va
1202 1720 1399 1768 SEPTEM

170 1829 391 1876 PoPULUs

102 1924 389 1986 Augustum

442 1830 692 1876 Romanus
734 1847 761 1874 a
804 1847 924 1892 rege
976 1829 1185 1876 Romulo
1226 1833 1278 1875 in
1327 1830 1587 1876 Caesarem

431 1928 784 1986 septingentos
822 1941 912 1987 per
947 1941 1103 1971 annos
1145 1930 1345 1971 tantum
1380 1941 1588 1986 operum

101 2035 223 2080 pace
281 2019 516 2082 belloque
576 2023 747 2081 gessit,
797 2025 869 2077 ut,
919 2022 959 2065 si
1018 2023 1128 2082 quis
1185 2019 1588 2081 magnitudinem

101 2116 297 2175 imperii
345 2130 458 2159 cum
506 2118 648 2160 annis
698 2113 940 2171 conferat,
977 2120 1199 2160 aetatem
1246 2113 1379 2160 ultra
1424 2120 1586 2176 putet.

46 2214 70 2252 2
103 2208 180 2253 Ita
221 2207 322 2254 late
357 2225 446 2270 per
481 2210 654 2255 orbem
696 2215 943 2255 terrarum
991 2225 1126 2254 arma
1174 2208 1498 2266 circumtulit,
1535 2215 1590 2256 ut

103 2306 187 2364 qui
224 2319 302 2348 res
339 2303 470 2350 illius
507 2303 688 2366 legunt
723 2320 825 2349 non
863 2307 1009 2350 unius
1045 2303 1234 2365 populi,
1267 2303 1357 2350 sed
1391 2307 1592 2366 generis

105 2396 309 2442 humani
345 2397 478 2443 facta
512 2398 815 2445 condiscant.
891 2398 989 2445 Tot
1024 2401 1076 2443 in
1112 2397 1362 2444 laboribus
1398 2401 1591 2460 pericu-

104 2490 264 2553 lisque
303 2495 515 2538 iactatus
555 2500 648 2549 est,
687 2499 744 2539 ut
793 2492 854 2538 ad
904 2492 1314 2539 constituendum
1357 2496 1462 2539 eius
1502 2496 1592 2538 im-

105 2601 135 2644 4
