1802 2942
638 183 1033 232 CORNELIUS
1078 183 1300 233 NEPOS

226 311 431 358 militari
447 311 642 357 illustre
661 310 854 375 factum
874 328 1027 374 quam
1044 310 1192 358 huius
1205 311 1225 341 1
1243 314 1442 374 imperii
1459 316 1718 369 memoria,

226 381 451 424 iustitiae
483 395 601 424 vero
633 385 687 424 et
718 381 990 440 aequitatis
1024 385 1077 425 et
1106 382 1428 425 innocentiae
1458 379 1637 436 multa,
1667 383 1720 426 in

226 448 398 508 primis
428 445 564 507 quod
593 448 697 491 eius
727 449 990 507 aequitate
1018 444 1212 491 factum
1241 452 1337 501 est,
1365 462 1480 492 cum
1506 449 1559 492 in
1587 463 1720 493 com-

226 516 367 558 muni
406 512 563 558 classe
605 519 739 558 esset
781 512 1025 558 Graeciae
1065 512 1213 559 simul
1251 529 1367 559 cum
1407 512 1721 559 Pausania—

227 595 327 641 quo
393 579 521 625 duce
589 579 885 625 Mardonius
952 586 1063 625 erat
1127 578 1460 642 fugatus—ut
1524 596 1721 626 summa

226 649 424 708 imperii
453 649 693 692 maritimi
725 647 788 692 ab
821 646 1235 692 Lacedaemoniis
1265 646 1627 693 transferretur
1656 647 1721 693 ad

176 721 202 761 3
227 712 596 768 Athenienses;
652 730 874 775 namque
915 721 1035 759 ante
1074 713 1127 760 id
1164 720 1368 775 tempus
1409 720 1464 760 et
1500 716 1628 760 mari
1667 721 1721 760 et

227 787 364 826 terra
409 780 561 826 duces
608 787 755 826 erant
800 780 1205 827 Lacedaemonii.
1273 781 1403 827 Tum
1448 787 1623 827 autem
1667 787 1722 828 et

227 850 624 908 intemperantia
683 846 964 893 Pausaniae
1026 854 1079 893 et
1137 850 1333 893 iustitia
1390 846 1583 894 factum
1643 854 1723 895 est

227 914 481 969 Aristidis,
541 921 600 960 ut
659 930 832 960 omnes
892 913 1000 960 fere
1060 917 1291 960 civitates
1353 913 1597 961 Graeciae
1657 914 1723 962 ad

228 980 620 1027 Atheniensium
647 984 1029 1027 societatemse
1059 981 1373 1043 applicarent
1401 988 1456 1028 et
1484 982 1721 1029 adversus

226 1049 466 1094 barbaros
496 1047 586 1094 hos
618 1048 770 1094 duces
802 1048 1087 1111 deligerent
1117 1049 1226 1094 sibi.

290 1114 338 1165 3.
375 1115 513 1173 Quos
553 1131 652 1178 quo
690 1114 882 1161 facilius
920 1115 1246 1177 repellerent,
1284 1117 1324 1161 si
1362 1113 1495 1161 forte
1531 1114 1723 1162 bellum

227 1198 470 1228 renovare
513 1190 833 1237 conarentur,
878 1182 943 1229 ad
986 1182 1154 1228 classis
1198 1182 1536 1229 aedificandas
1580 1198 1724 1229 exer·

227 1252 459 1311 citusque
502 1250 864 1311 comparandos
908 1256 1157 1311 quantum
1198 1253 1445 1324 pecuniae
1488 1265 1723 1312 quaeque

227 1318 402 1362 civitas
433 1316 580 1363 daret
609 1317 857 1363 Aristides
888 1316 1116 1363 delectus
1148 1324 1226 1363 est
1255 1309 1348 1380 qui
1359 1320 1724 1373 constitueret,

229 1386 438 1445 eiusque
484 1384 690 1429 arbitrio
735 1383 1086 1447 quadringena
1129 1390 1183 1430 et
1226 1399 1484 1446 sexagena
1525 1383 1725 1430 talenta

229 1453 498 1512 quotannis
536 1450 725 1496 Delum
761 1458 879 1497 sunt
915 1450 1143 1505 conlata3
1196 1450 1251 1497 id
1286 1454 1421 1496 enim
1457 1466 1724 1497 commune

228 1520 478 1563 aerarium
545 1534 654 1564 esse
718 1517 1002 1564 voluerunt.
1072 1517 1218 1576 Quae
1283 1520 1442 1564 omnis
1507 1521 1725 1579 pecunia

175 1589 201 1627 2
225 1591 428 1646 postero
471 1591 703 1646 tempore
747 1584 978 1631 Athenas
1022 1584 1272 1630 translata
1316 1591 1408 1631 est.
1479 1584 1576 1642 Hic
1620 1601 1722 1648 qua

227 1650 382 1698 fuerit
409 1651 734 1706 abstinentia,
761 1652 954 1698 nullum
983 1659 1061 1698 est
1088 1655 1273 1698 certius
1300 1652 1540 1698 indicium
1569 1668 1722 1714 quam

230 1718 405 1780 (1110(1,2
432 1735 546 1764 011111
573 1722 729 1764 tantis
749 1720 900 1765 rebus
925 1717 1248 1780 praefuisset,
1266 1721 1319 1764 in
1337 1726 1485 1765 tanta
1509 1735 1725 1781 pauper-

177 1793 203 1832 3
228 1792 337 1831 tate
371 1786 605 1841 decessit,
639 1793 697 1832 ut
731 1789 816 1848 qui
851 1785 1115 1832 efferretur
1147 1788 1230 1831 vix
1262 1785 1539 1848 reliquerit.
1609 1786 1724 1845 Quo

229 1851 423 1898 factum
467 1860 545 1898 est
588 1860 647 1899 ut
690 1852 822 1898 filiae
867 1856 972 1899 eius
1017 1852 1217 1914 publice
1261 1852 1518 1898 alerentur
1562 1860 1615 1900 et
1659 1853 1724 1900 de

229 1922 483 1965 communi
519 1922 710 1965 aerario
748 1920 949 1966 dotibus
987 1920 1119 1966 datis
1155 1919 1550 1966 conlocarentur.
1620 1920 1724 1967 De-

230 1990 381 2032 cessit
442 1993 616 2032 autem
676 1986 784 2032 fere
844 1993 961 2049 post
1021 2003 1210 2032 annum
1271 1994 1509 2050 quartum
1570 2003 1723 2050 quam

229 2052 592 2100 Themistocles
621 2053 838 2100 Athenis
868 2060 979 2101 erat
1007 2053 1260 2117 expulsus.

663 2201 680 2225 ¹
709 2201 816 2247 eius,
839 2200 983 2239 Halm.

665 2254 682 2278 ²
710 2254 844 2305 quod,
866 2254 999 2294 added
1020 2253 1071 2304 by
1092 2252 1288 2293 Lambin.

292 2424 308 2449 ¹
338 2423 407 2463 He
444 2436 531 2463 was
570 2435 651 2462 one
689 2423 734 2461 of
770 2423 846 2462 the
884 2422 1078 2473 generals
1116 2426 1163 2461 at
1201 2422 1449 2468 Marathon,
1487 2422 1574 2461 and
1610 2421 1725 2462 later

234 2478 406 2570 {zvgai2nsiz
433 2477 509 2518 the
539 2476 737 2517 Persians
765 2477 811 2515 in
839 2476 1006 2528 Cyprus
1035 2475 1122 2515 and
1151 2488 1208 2515 on
1234 2476 1310 2516 the
1338 2475 1620 2529 Hellespont3
1663 2475 1720 2517 cf.

232 2626 323 2670 410
