1802 2942
656 132 1051 181 CORNELIUS
1096 132 1317 182 NEPOS

228 252 344 315 Χῖ,
369 260 603 322 peditum
639 255 697 317 C,
727 277 851 321 quos
887 260 958 307 illi
995 261 1244 309 Cardacas
1282 262 1561 325 appellant,
1597 265 1727 311 eius-

229 334 451 396 demque
489 338 691 396 generis
726 325 812 382 TI‘I
851 333 1185 391 funditorum,
1223 343 1493 398 praeterea
1531 336 1727 400 Cappa-

229 408 413 456 docum
430 401 581 464 VH}
605 409 962 455 Armeniorum
983 402 1052 466 Y,
1077 409 1461 473 Paphlagonum
1484 403 1547 466 V,
1569 410 1727 475 Phry-

227 473 424 544 gum—X,
435 482 693 546 Lydorum
701 475 762 539 V,
774 483 1148 545 Aspendiorum
1166 491 1219 530 et
1235 483 1517 531 Pisidarum
1529 487 1728 531 circiter

223 549 331 611 ΪΪΪ,
371 556 582 603 Cilicum
621 548 694 611 TI,
734 557 1097 619 Captianorum
1135 558 1372 614 totidem,
1412 574 1475 604 ex
1514 558 1728 605 Graecia

229 630 595 677 conductorum
645 621 746 686 ITI,
796 631 918 678 levis
970 639 1259 679 armaturae
1308 635 1589 678 maximum
1635 649 1727 679 nu-

227 720 441 751 merum.

178 784 202 824 3
289 777 396 824 Has
417 778 656 825 adversus
676 782 845 841 copias
865 795 980 842 spes
1001 782 1162 826 omnis
1182 780 1495 826 consistebat
1514 779 1725 828 Datami

227 853 280 897 in
313 868 367 898 se
402 851 599 915 locique
647 860 859 908 natura,
911 870 1132 915 namque
1179 852 1327 900 huius
1374 861 1576 916 partem
1622 871 1724 901 non

226 923 454 972 habebat
504 929 795 973 vicesimam
845 927 1081 974 militum.
1149 927 1346 985 Quibus
1397 926 1559 974 fretus
1609 944 1727 975 con-

227 998 358 1046 flixit
382 1000 886 1064 adversariorumque
910 1001 1073 1048 multa
1096 1002 1236 1047 milia
1259 1002 1496 1057 concidit,
1520 1018 1637 1048 cum
1661 1002 1726 1049 de

226 1075 382 1135 ipsius
402 1078 631 1121 exercitu
651 1091 752 1121 non
772 1074 986 1136 amplius
1006 1074 1267 1121 hominum
1286 1075 1423 1121 mille
1443 1075 1723 1123 cecidisset.

229 1147 397 1206 Quam
427 1150 492 1195 ob
523 1165 727 1195 causam
757 1157 962 1211 postero
993 1149 1076 1196 die
1106 1156 1376 1211 tropaeum
1405 1152 1593 1211 posuit,
1624 1166 1725 1212 quo

177 1228 202 1265 4
225 1221 333 1268 loco
350 1223 511 1284 pridie
527 1230 814 1286 pugnatum
831 1230 958 1270 erat.
1027 1223 1160 1269 Hinc
1175 1240 1290 1269 cum
1306 1230 1473 1269 castra
1486 1226 1727 1272 movisset

227 1312 531 1359 semperque
566 1296 772 1343 inferior
807 1300 961 1359 copiis
997 1300 1224 1359 superior
1258 1298 1490 1343 omnibus
1523 1297 1725 1360 proeliis

227 1369 532 1426 discederet,
567 1371 704 1433 quod
736 1387 1015 1433 numquam
1049 1387 1257 1417 manum
1290 1378 1599 1427 consereret,
1631 1374 1725 1418 nisi

227 1460 342 1490 cum
379 1444 690 1491 adversarios
726 1444 950 1491 locorum
988 1447 1234 1508 angustiis
1271 1445 1551 1500 clausisset,
1588 1446 1725 1509 quod

226 1521 392 1580 perito
411 1521 677 1581 regionum
697 1518 980 1581 callideque
1000 1521 1248 1581 cogitanti
1268 1535 1422 1581 saepe
1443 1519 1725 1575 accidebat,

177 1600 201 1638 5
227 1591 664 1654 Autophrodates,
727 1609 843 1639 cum
905 1592 1097 1639 bellum
1160 1593 1275 1639 duci
1337 1596 1528 1639 maiore
1590 1596 1725 1657 regis

227 1665 521 1712 calamitate
585 1683 739 1729 quam
803 1667 1204 1714 adversariorum
1267 1667 1482 1722 videret,
1545 1683 1725 1729 pacem

228 1743 606 1802 amicitiamque
642 1740 875 1788 hortatus
913 1747 1009 1796 est,
1035 1747 1094 1787 ut
1128 1757 1243 1787 cum
1279 1757 1402 1804 rege
1427 1744 1479 1787 in
1505 1744 1724 1804 gratiam

177 1821 201 1860 6
225 1814 431 1861 rediret.
500 1814 668 1873 Quam
712 1815 796 1861 ille
844 1817 940 1861 etsi
987 1814 1141 1861 fidam
1185 1832 1287 1861 non
1332 1814 1440 1861 fore
1485 1816 1724 1877 putabat,

227 1894 403 1934 tamen
450 1889 797 1936 condicionem
839 1891 1036 1951 accepit
1076 1905 1233 1952 seque
1275 1889 1340 1935 ad
1380 1889 1724 1936 Artaxerxem

225 1962 423 2026 legatos
487 1967 757 2011 missurum
821 1965 967 2011 dixit.
1035 1963 1115 2011 Sic
1177 1963 1369 2010 bellum
1434 1964 1570 2027 quod
1632 1981 1723 2012 rex

228 2039 467 2086 adversus
504 2040 763 2086 Datamen
798 2047 1093 2102 susceperat
1126 2040 1364 2086 sedatum
1400 2046 1493 2086 est.
1561 2039 1724 2087 Auto-

225 2114 502 2177 phrodates
524 2118 577 2161 in
601 2114 876 2178 Phrygiam
899 2130 954 2161 se
977 2118 1187 2176 recepit.

289 2186 337 2237 9.
376 2189 449 2234 At
485 2205 593 2244 rex,
633 2188 769 2251 quod
806 2188 1125 2250 implacabile
1163 2188 1336 2235 odium
1372 2190 1425 2234 in
1463 2187 1723 2235 Datamen

289 2371 306 2396 ²
335 2371 373 2410 A
393 2370 531 2410 Greek
550 2371 669 2410 word
693 2371 900 2422 κάρδακες,
920 2384 946 2409 a
964 2370 1225 2410 translation
1244 2371 1290 2410 of
1317 2370 1392 2409 the
1409 2375 1520 2411 term
1548 2371 1722 2423 applied

231 2424 291 2475 by
317 2425 392 2463 the
418 2425 616 2464 Persians
642 2429 689 2464 to
716 2438 966 2476 mercenary
991 2425 1169 2464 soldiers
1195 2424 1425 2476 belonging
1450 2428 1498 2464 to
1522 2424 1598 2465 the
1625 2424 1719 2465 bar-

234 2478 386 2517 barian
405 2478 538 2518 tribes
557 2479 602 2518 of
620 2478 694 2518 the
714 2478 890 2518 Persian
908 2479 1083 2530 empire.

229 2569 320 2616 524
