<?xml version="1.0" encoding="UTF-8"?>
<!DOCTYPE html PUBLIC "-//W3C//DTD XHTML 1.0 Transitional//EN"
    "http://www.w3.org/TR/xhtml1/DTD/xhtml1-transitional.dtd">
<html xmlns="http://www.w3.org/1999/xhtml" xml:lang="en" lang="en">
 <head>
  <title>
</title>
<meta http-equiv="Content-Type" content="text/html;charset=utf-8" />
  <meta name='ocr-system' content='tesseract 3.04.00' />
  <meta name='ocr-capabilities' content='ocr_page ocr_carea ocr_par ocr_line ocrx_word'/>
</head>
<body>
  <div class='ocr_page' id='page_1' title='image "./lannaeifloriquae00floruoft_0396.png"; bbox 0 0 1802 2942; ppageno 0'>
   <div class='ocr_carea' id='block_1_1' title="bbox 613 134 1281 185">
    <p class='ocr_par' dir='ltr' id='par_1_1' title="bbox 613 134 1281 185">
     <span class='ocr_line' id='line_1_1' title="bbox 613 134 1281 185; baseline -0.001 -1"><span class='ocrx_word' id='word_1_1' title='bbox 613 135 1010 185; x_wconf 87' lang='lat' dir='ltr'>CORNELIUS</span> <span class='ocrx_word' id='word_1_2' title='bbox 1058 134 1281 184; x_wconf 92' lang='lat' dir='ltr'><strong>NEPOS</strong></span> 
     </span>
    </p>
   </div>
   <div class='ocr_carea' id='block_1_2' title="bbox 153 264 1702 2008">
    <p class='ocr_par' dir='ltr' id='par_1_2' title="bbox 153 264 1696 731">
     <span class='ocr_line' id='line_1_2' title="bbox 204 264 1694 330; baseline -0.001 -17"><span class='ocrx_word' id='word_1_3' title='bbox 204 270 535 330; x_wconf 86' lang='lat' dir='ltr'>pervenisset,</span> <span class='ocrx_word' id='word_1_4' title='bbox 597 281 708 312; x_wconf 92' lang='lat' dir='ltr'>sese</span> <span class='ocrx_word' id='word_1_5' title='bbox 769 265 1059 320; x_wconf 81' lang='lat' dir='ltr'>dedituros3</span> <span class='ocrx_word' id='word_1_6' title='bbox 1137 280 1191 311; x_wconf 90' lang='lat' dir='ltr'>se</span> <span class='ocrx_word' id='word_1_7' title='bbox 1253 271 1427 311; x_wconf 92' lang='lat' dir='ltr'>autem</span> <span class='ocrx_word' id='word_1_8' title='bbox 1487 264 1694 312; x_wconf 91' lang='lat' dir='ltr'>domum</span> 
     </span>
     <span class='ocr_line' id='line_1_3' title="bbox 153 330 1695 394; baseline -0.001 -13"><span class='ocrx_word' id='word_1_9' title='bbox 153 344 179 382; x_wconf 85' lang='lat'><strong><em>5</em></strong></span> <span class='ocrx_word' id='word_1_10' title='bbox 206 333 503 381; x_wconf 82' lang='lat' dir='ltr'>Chersonesi</span> <span class='ocrx_word' id='word_1_11' title='bbox 525 332 730 379; x_wconf 92' lang='lat' dir='ltr'>habere.</span> <span class='ocrx_word' id='word_1_12' title='bbox 800 332 970 388; x_wconf 82' lang='lat' dir='ltr'>Cares,</span> <span class='ocrx_word' id='word_1_13' title='bbox 994 335 1080 394; x_wconf 93' lang='lat' dir='ltr'>qui</span> <span class='ocrx_word' id='word_1_14' title='bbox 1103 339 1214 378; x_wconf 92' lang='lat' dir='ltr'>tum</span> <span class='ocrx_word' id='word_1_15' title='bbox 1237 330 1489 378; x_wconf 82' lang='lat' dir='ltr'><strong>Lemnum</strong></span> <span class='ocrx_word' id='word_1_16' title='bbox 1510 332 1695 379; x_wconf 89' lang='lat' dir='ltr'>incole-</span> 
     </span>
     <span class='ocr_line' id='line_1_4' title="bbox 204 399 1695 462; baseline -0.001 -15"><span class='ocrx_word' id='word_1_17' title='bbox 204 402 347 456; x_wconf 91' lang='lat' dir='ltr'>bant,</span> <span class='ocrx_word' id='word_1_18' title='bbox 388 403 483 446; x_wconf 90' lang='lat' dir='ltr'>etsi</span> <span class='ocrx_word' id='word_1_19' title='bbox 521 407 726 462; x_wconf 89' lang='lat' dir='ltr'>praeter</span> <span class='ocrx_word' id='word_1_20' title='bbox 763 402 1053 461; x_wconf 83' lang='lat' dir='ltr'>opinionem</span> <span class='ocrx_word' id='word_1_21' title='bbox 1089 415 1169 445; x_wconf 89' lang='lat' dir='ltr'>res</span> <span class='ocrx_word' id='word_1_22' title='bbox 1209 399 1480 455; x_wconf 82' lang='lat' dir='ltr'>ceciderat,</span> <span class='ocrx_word' id='word_1_23' title='bbox 1519 405 1695 446; x_wconf 87' lang='lat' dir='ltr'>tamen</span> 
     </span>
     <span class='ocr_line' id='line_1_5' title="bbox 204 465 1695 528; baseline -0.002 -13"><span class='ocrx_word' id='word_1_24' title='bbox 204 485 305 515; x_wconf 92' lang='lat' dir='ltr'>non</span> <span class='ocrx_word' id='word_1_25' title='bbox 333 468 487 523; x_wconf 79' lang='lat' dir='ltr'>dicto,</span> <span class='ocrx_word' id='word_1_26' title='bbox 515 467 607 513; x_wconf 92' lang='lat' dir='ltr'>sed</span> <span class='ocrx_word' id='word_1_27' title='bbox 633 467 856 513; x_wconf 88' lang='lat' dir='ltr'>secunda</span> <span class='ocrx_word' id='word_1_28' title='bbox 882 465 1087 513; x_wconf 85' lang='lat' dir='ltr'>fortuna</span> <span class='ocrx_word' id='word_1_29' title='bbox 1115 466 1513 512; x_wconf 91' lang='lat' dir='ltr'>adversariorum</span> <span class='ocrx_word' id='word_1_30' title='bbox 1540 469 1695 528; x_wconf 88' lang='lat' dir='ltr'>capti,</span> 
     </span>
     <span class='ocr_line' id='line_1_6' title="bbox 204 532 1694 596; baseline -0.001 -14"><span class='ocrx_word' id='word_1_31' title='bbox 204 538 441 582; x_wconf 89' lang='lat' dir='ltr'>resistere</span> <span class='ocrx_word' id='word_1_32' title='bbox 467 537 575 580; x_wconf 91' lang='lat' dir='ltr'>ausi</span> <span class='ocrx_word' id='word_1_33' title='bbox 600 551 700 580; x_wconf 92' lang='lat' dir='ltr'>non</span> <span class='ocrx_word' id='word_1_34' title='bbox 725 540 844 580; x_wconf 89' lang='lat' dir='ltr'>sunt</span> <span class='ocrx_word' id='word_1_35' title='bbox 870 540 1026 596; x_wconf 91' lang='lat' dir='ltr'>atque</span> <span class='ocrx_word' id='word_1_36' title='bbox 1052 549 1117 579; x_wconf 86' lang='lat' dir='ltr'>ex</span> <span class='ocrx_word' id='word_1_37' title='bbox 1140 532 1304 579; x_wconf 89' lang='lat' dir='ltr'>insula</span> <span class='ocrx_word' id='word_1_38' title='bbox 1328 533 1694 596; x_wconf 77' lang='lat' dir='ltr'>demigrarunt.</span> 
     </span>
     <span class='ocr_line' id='line_1_7' title="bbox 206 599 1696 663; baseline -0.001 -14"><span class='ocrx_word' id='word_1_39' title='bbox 206 602 321 650; x_wconf 89' lang='lat' dir='ltr'>Pari</span> <span class='ocrx_word' id='word_1_40' title='bbox 353 601 600 648; x_wconf 87' lang='lat' dir='ltr'>felicitate</span> <span class='ocrx_word' id='word_1_41' title='bbox 625 608 820 647; x_wconf 88' lang='lat' dir='ltr'>ceteras</span> <span class='ocrx_word' id='word_1_42' title='bbox 854 600 1041 647; x_wconf 89' lang='lat' dir='ltr'>insulas</span> <span class='ocrx_word' id='word_1_43' title='bbox 1067 616 1198 662; x_wconf 90' lang='lat' dir='ltr'>quae</span> <span class='ocrx_word' id='word_1_44' title='bbox 1233 599 1477 663; x_wconf 86' lang='lat' dir='ltr'>Cyclades</span> <span class='ocrx_word' id='word_1_45' title='bbox 1502 603 1696 647; x_wconf 87' lang='lat' dir='ltr'>nomin-</span> 
     </span>
     <span class='ocr_line' id='line_1_8' title="bbox 205 667 1486 731; baseline -0.002 -15"><span class='ocrx_word' id='word_1_46' title='bbox 205 676 356 717; x_wconf 81' lang='lat' dir='ltr'>antur</span> <span class='ocrx_word' id='word_1_47' title='bbox 385 669 477 715; x_wconf 92' lang='lat' dir='ltr'>sub</span> <span class='ocrx_word' id='word_1_48' title='bbox 507 667 898 715; x_wconf 83' lang='lat' dir='ltr'>Atheniensium</span> <span class='ocrx_word' id='word_1_49' title='bbox 927 667 1129 731; x_wconf 88' lang='lat' dir='ltr'>redegit</span> <span class='ocrx_word' id='word_1_50' title='bbox 1156 674 1486 730; x_wconf 86' lang='lat' dir='ltr'>potestatem.</span> 
     </span>
    </p>

    <p class='ocr_par' dir='ltr' id='par_1_3' title="bbox 157 734 1702 2008">
     <span class='ocr_line' id='line_1_9' title="bbox 267 734 1695 797; baseline -0.002 -12"><span class='ocrx_word' id='word_1_51' title='bbox 267 735 316 786; x_wconf 85' lang='lat'>3.</span> <span class='ocrx_word' id='word_1_52' title='bbox 353 736 560 782; x_wconf 90' lang='lat' dir='ltr'>Eisdem</span> <span class='ocrx_word' id='word_1_53' title='bbox 605 735 918 797; x_wconf 89' lang='lat' dir='ltr'>temporibus</span> <span class='ocrx_word' id='word_1_54' title='bbox 966 734 1232 781; x_wconf 86' lang='lat' dir='ltr'>Persarum</span> <span class='ocrx_word' id='word_1_55' title='bbox 1277 750 1367 780; x_wconf 85' lang='lat' dir='ltr'>rex</span> <span class='ocrx_word' id='word_1_56' title='bbox 1401 734 1584 781; x_wconf 91' lang='lat' dir='ltr'>Darius</span> <span class='ocrx_word' id='word_1_57' title='bbox 1631 750 1695 782; x_wconf 89' lang='lat' dir='ltr'>ex</span> 
     </span>
     <span class='ocr_line' id='line_1_10' title="bbox 205 800 1695 864; baseline -0.002 -14"><span class='ocrx_word' id='word_1_58' title='bbox 205 805 328 851; x_wconf 91' lang='lat' dir='ltr'>Asia</span> <span class='ocrx_word' id='word_1_59' title='bbox 364 806 416 849; x_wconf 91' lang='lat' dir='ltr'>in</span> <span class='ocrx_word' id='word_1_60' title='bbox 454 802 711 864; x_wconf 89' lang='lat' dir='ltr'>Europam</span> <span class='ocrx_word' id='word_1_61' title='bbox 750 805 978 848; x_wconf 88' lang='lat' dir='ltr'>exercitu</span> <span class='ocrx_word' id='word_1_62' title='bbox 1015 805 1230 848; x_wconf 90' lang='lat' dir='ltr'>traiecto</span> <span class='ocrx_word' id='word_1_63' title='bbox 1268 800 1467 864; x_wconf 88' lang='lat' dir='ltr'>Scythis</span> <span class='ocrx_word' id='word_1_64' title='bbox 1505 801 1695 848; x_wconf 92' lang='lat' dir='ltr'>bellum</span> 
     </span>
     <span class='ocr_line' id='line_1_11' title="bbox 205 867 1696 926; baseline -0.001 -9"><span class='ocrx_word' id='word_1_65' title='bbox 205 870 391 918; x_wconf 90' lang='lat' dir='ltr'>inferre</span> <span class='ocrx_word' id='word_1_66' title='bbox 433 870 673 916; x_wconf 86' lang='lat' dir='ltr'>decrevit.</span> <span class='ocrx_word' id='word_1_67' title='bbox 743 868 960 916; x_wconf 80' lang='lat' dir='ltr'>Pontem</span> <span class='ocrx_word' id='word_1_68' title='bbox 1000 867 1124 915; x_wconf 89' lang='lat' dir='ltr'>fecit</span> <span class='ocrx_word' id='word_1_69' title='bbox 1162 872 1215 915; x_wconf 92' lang='lat' dir='ltr'>in</span> <span class='ocrx_word' id='word_1_70' title='bbox 1256 868 1430 915; x_wconf 90' lang='lat' dir='ltr'>Histro</span> <span class='ocrx_word' id='word_1_71' title='bbox 1471 867 1696 926; x_wconf 88' lang='lat' dir='ltr'>flumine,</span> 
     </span>
     <span class='ocr_line' id='line_1_12' title="bbox 206 936 1695 1002; baseline -0.001 -18"><span class='ocrx_word' id='word_1_72' title='bbox 206 955 308 1002; x_wconf 92' lang='lat' dir='ltr'>qua</span> <span class='ocrx_word' id='word_1_73' title='bbox 368 940 535 1000; x_wconf 89' lang='lat' dir='ltr'>copias</span> <span class='ocrx_word' id='word_1_74' title='bbox 598 936 907 984; x_wconf 88' lang='lat' dir='ltr'>traduceret.</span> <span class='ocrx_word' id='word_1_75' title='bbox 998 936 1120 982; x_wconf 91' lang='lat' dir='ltr'>Eius</span> <span class='ocrx_word' id='word_1_76' title='bbox 1173 939 1359 998; x_wconf 92' lang='lat' dir='ltr'>pontis,</span> <span class='ocrx_word' id='word_1_77' title='bbox 1409 936 1531 983; x_wconf 92' lang='lat' dir='ltr'>dum</span> <span class='ocrx_word' id='word_1_78' title='bbox 1586 939 1695 999; x_wconf 91' lang='lat' dir='ltr'>ipse</span> 
     </span>
     <span class='ocr_line' id='line_1_13' title="bbox 157 1003 1695 1066; baseline -0.001 -14"><span class='ocrx_word' id='word_1_79' title='bbox 157 1012 181 1051; x_wconf 83' lang='lat'>2</span> <span class='ocrx_word' id='word_1_80' title='bbox 206 1007 426 1060; x_wconf 86' lang='lat' dir='ltr'>abesset,</span> <span class='ocrx_word' id='word_1_81' title='bbox 460 1004 695 1051; x_wconf 86' lang='lat' dir='ltr'>custodes</span> <span class='ocrx_word' id='word_1_82' title='bbox 732 1003 938 1066; x_wconf 90' lang='lat' dir='ltr'>reliquit</span> <span class='ocrx_word' id='word_1_83' title='bbox 972 1006 1223 1066; x_wconf 89' lang='lat' dir='ltr'>principes</span> <span class='ocrx_word' id='word_1_84' title='bbox 1261 1019 1385 1066; x_wconf 90' lang='lat' dir='ltr'>quos</span> <span class='ocrx_word' id='word_1_85' title='bbox 1422 1019 1594 1050; x_wconf 90' lang='lat' dir='ltr'>secum</span> <span class='ocrx_word' id='word_1_86' title='bbox 1631 1019 1695 1050; x_wconf 87' lang='lat' dir='ltr'>ex</span> 
     </span>
     <span class='ocr_line' id='line_1_14' title="bbox 207 1070 1697 1133; baseline -0.001 -14"><span class='ocrx_word' id='word_1_87' title='bbox 207 1072 351 1119; x_wconf 93' lang='lat' dir='ltr'>Ionia</span> <span class='ocrx_word' id='word_1_88' title='bbox 384 1079 438 1119; x_wconf 90' lang='lat' dir='ltr'>et</span> <span class='ocrx_word' id='word_1_89' title='bbox 466 1071 681 1118; x_wconf 90' lang='lat' dir='ltr'>Aeolide</span> <span class='ocrx_word' id='word_1_90' title='bbox 719 1071 964 1126; x_wconf 80' lang='lat' dir='ltr'>duxerat3</span> <span class='ocrx_word' id='word_1_91' title='bbox 1008 1071 1189 1133; x_wconf 92' lang='lat' dir='ltr'>quibus</span> <span class='ocrx_word' id='word_1_92' title='bbox 1223 1070 1431 1133; x_wconf 90' lang='lat' dir='ltr'>singulis</span> <span class='ocrx_word' id='word_1_93' title='bbox 1462 1070 1697 1118; x_wconf 85' lang='lat' dir='ltr'>illarum1</span> 
     </span>
     <span class='ocr_line' id='line_1_15' title="bbox 207 1137 1698 1201; baseline -0.002 -14"><span class='ocrx_word' id='word_1_94' title='bbox 207 1140 407 1187; x_wconf 92' lang='lat' dir='ltr'>urbium</span> <span class='ocrx_word' id='word_1_95' title='bbox 443 1146 694 1201; x_wconf 89' lang='lat' dir='ltr'>perpetua</span> <span class='ocrx_word' id='word_1_96' title='bbox 729 1138 944 1185; x_wconf 91' lang='lat' dir='ltr'>dederat</span> <span class='ocrx_word' id='word_1_97' title='bbox 977 1141 1205 1200; x_wconf 89' lang='lat' dir='ltr'>imperia.</span> <span class='ocrx_word' id='word_1_98' title='bbox 1274 1137 1353 1184; x_wconf 86' lang='lat' dir='ltr'>Sic</span> <span class='ocrx_word' id='word_1_99' title='bbox 1390 1141 1525 1184; x_wconf 90' lang='lat' dir='ltr'>enim</span> <span class='ocrx_word' id='word_1_100' title='bbox 1560 1137 1698 1185; x_wconf 85' lang='lat' dir='ltr'>facil-</span> 
     </span>
     <span class='ocr_line' id='line_1_16' title="bbox 207 1205 1698 1269; baseline 0 -16"><span class='ocrx_word' id='word_1_101' title='bbox 207 1207 325 1254; x_wconf 91' lang='lat' dir='ltr'>lime</span> <span class='ocrx_word' id='word_1_102' title='bbox 357 1210 558 1268; x_wconf 88' lang='lat' dir='ltr'>putavit</span> <span class='ocrx_word' id='word_1_103' title='bbox 589 1222 644 1252; x_wconf 91' lang='lat' dir='ltr'>se</span> <span class='ocrx_word' id='word_1_104' title='bbox 677 1206 872 1252; x_wconf 90' lang='lat' dir='ltr'>Graeca</span> <span class='ocrx_word' id='word_1_105' title='bbox 902 1205 1076 1269; x_wconf 87' lang='lat' dir='ltr'>lingua</span> <span class='ocrx_word' id='word_1_106' title='bbox 1106 1205 1372 1268; x_wconf 86' lang='lat' dir='ltr'>loquentes</span> <span class='ocrx_word' id='word_1_107' title='bbox 1405 1209 1491 1268; x_wconf 91' lang='lat' dir='ltr'>qui</span> <span class='ocrx_word' id='word_1_108' title='bbox 1521 1205 1698 1253; x_wconf 87' lang='lat' dir='ltr'>Asiam</span> 
     </span>
     <span class='ocr_line' id='line_1_17' title="bbox 207 1274 1697 1335; baseline 0 -15"><span class='ocrx_word' id='word_1_109' title='bbox 207 1274 488 1321; x_wconf 88' lang='lat' dir='ltr'>incolerent</span> <span class='ocrx_word' id='word_1_110' title='bbox 523 1274 616 1319; x_wconf 90' lang='lat' dir='ltr'>sub</span> <span class='ocrx_word' id='word_1_111' title='bbox 653 1289 744 1318; x_wconf 88' lang='lat' dir='ltr'>sua</span> <span class='ocrx_word' id='word_1_112' title='bbox 778 1279 1099 1319; x_wconf 91' lang='lat' dir='ltr'>retenturum</span> <span class='ocrx_word' id='word_1_113' title='bbox 1134 1279 1413 1335; x_wconf 85' lang='lat' dir='ltr'>potestate,</span> <span class='ocrx_word' id='word_1_114' title='bbox 1449 1275 1490 1319; x_wconf 91' lang='lat' dir='ltr'>si</span> <span class='ocrx_word' id='word_1_115' title='bbox 1526 1277 1697 1320; x_wconf 83' lang='lat' dir='ltr'>amicis</span> 
     </span>
     <span class='ocr_line' id='line_1_18' title="bbox 207 1340 1698 1403; baseline -0.001 -15"><span class='ocrx_word' id='word_1_116' title='bbox 207 1345 307 1389; x_wconf 92' lang='lat' dir='ltr'>suis</span> <span class='ocrx_word' id='word_1_117' title='bbox 341 1341 528 1403; x_wconf 90' lang='lat' dir='ltr'>oppida</span> <span class='ocrx_word' id='word_1_118' title='bbox 560 1340 754 1387; x_wconf 89' lang='lat' dir='ltr'>tuenda</span> <span class='ocrx_word' id='word_1_119' title='bbox 785 1340 1107 1395; x_wconf 82' lang='lat' dir='ltr'>tradidisset3</span> <span class='ocrx_word' id='word_1_120' title='bbox 1158 1340 1340 1403; x_wconf 91' lang='lat' dir='ltr'>quibus</span> <span class='ocrx_word' id='word_1_121' title='bbox 1372 1355 1426 1386; x_wconf 90' lang='lat' dir='ltr'>se</span> <span class='ocrx_word' id='word_1_122' title='bbox 1459 1356 1698 1402; x_wconf 92' lang='lat' dir='ltr'>oppresso</span> 
     </span>
     <span class='ocr_line' id='line_1_19' title="bbox 207 1405 1697 1470; baseline -0.001 -15"><span class='ocrx_word' id='word_1_123' title='bbox 207 1408 345 1456; x_wconf 87' lang='lat' dir='ltr'>nulla</span> <span class='ocrx_word' id='word_1_124' title='bbox 385 1424 498 1470; x_wconf 90' lang='lat' dir='ltr'>spes</span> <span class='ocrx_word' id='word_1_125' title='bbox 541 1407 715 1454; x_wconf 87' lang='lat' dir='ltr'>salutis</span> <span class='ocrx_word' id='word_1_126' title='bbox 757 1407 1143 1470; x_wconf 88' lang='lat' dir='ltr'>relinqueretur.</span> <span class='ocrx_word' id='word_1_127' title='bbox 1214 1406 1274 1453; x_wconf 91' lang='lat' dir='ltr'>In</span> <span class='ocrx_word' id='word_1_128' title='bbox 1314 1406 1408 1453; x_wconf 90' lang='lat' dir='ltr'>hoc</span> <span class='ocrx_word' id='word_1_129' title='bbox 1448 1405 1546 1454; x_wconf 86' lang='lat' dir='ltr'>fuit</span> <span class='ocrx_word' id='word_1_130' title='bbox 1585 1415 1697 1455; x_wconf 91' lang='lat' dir='ltr'>tum</span> 
     </span>
     <span class='ocr_line' id='line_1_20' title="bbox 159 1473 1698 1530; baseline -0.001 -7"><span class='ocrx_word' id='word_1_131' title='bbox 159 1484 185 1524; x_wconf 89' lang='lat'><strong>3</strong></span> <span class='ocrx_word' id='word_1_132' title='bbox 208 1492 419 1523; x_wconf 90' lang='lat' dir='ltr'>numero</span> <span class='ocrx_word' id='word_1_133' title='bbox 443 1474 744 1521; x_wconf 79' lang='lat' dir='ltr'>Miltiades.2</span> <span class='ocrx_word' id='word_1_134' title='bbox 799 1474 912 1530; x_wconf 92' lang='lat' dir='ltr'>Hic,</span> <span class='ocrx_word' id='word_1_135' title='bbox 937 1491 1051 1521; x_wconf 92' lang='lat' dir='ltr'>cum</span> <span class='ocrx_word' id='word_1_136' title='bbox 1072 1474 1233 1520; x_wconf 87' lang='lat' dir='ltr'>crebri</span> <span class='ocrx_word' id='word_1_137' title='bbox 1254 1473 1514 1521; x_wconf 85' lang='lat' dir='ltr'>adferrent</span> <span class='ocrx_word' id='word_1_138' title='bbox 1533 1479 1698 1522; x_wconf 87' lang='lat' dir='ltr'>nuntii</span> 
     </span>
     <span class='ocr_line' id='line_1_21' title="bbox 208 1540 1699 1605; baseline 0 -16"><span class='ocrx_word' id='word_1_139' title='bbox 208 1543 340 1590; x_wconf 90' lang='lat' dir='ltr'>male</span> <span class='ocrx_word' id='word_1_140' title='bbox 357 1558 465 1588; x_wconf 88' lang='lat' dir='ltr'>rem</span> <span class='ocrx_word' id='word_1_141' title='bbox 481 1558 659 1605; x_wconf 85' lang='lat' dir='ltr'>gerere</span> <span class='ocrx_word' id='word_1_142' title='bbox 677 1541 890 1588; x_wconf 90' lang='lat' dir='ltr'>Darium</span> <span class='ocrx_word' id='word_1_143' title='bbox 906 1545 1170 1604; x_wconf 91' lang='lat' dir='ltr'>premique</span> <span class='ocrx_word' id='word_1_144' title='bbox 1187 1558 1217 1587; x_wconf 90' lang='lat' dir='ltr'>a</span> <span class='ocrx_word' id='word_1_145' title='bbox 1232 1540 1450 1605; x_wconf 88' lang='lat' dir='ltr'>Scythis,</span> <span class='ocrx_word' id='word_1_146' title='bbox 1466 1540 1699 1589; x_wconf 87' lang='lat' dir='ltr'>hortatus</span> 
     </span>
     <span class='ocr_line' id='line_1_22' title="bbox 210 1608 1699 1672; baseline -0.001 -15"><span class='ocrx_word' id='word_1_147' title='bbox 210 1610 323 1657; x_wconf 86' lang='lat' dir='ltr'>est3</span> <span class='ocrx_word' id='word_1_148' title='bbox 347 1613 514 1672; x_wconf 90' lang='lat' dir='ltr'>pontis</span> <span class='ocrx_word' id='word_1_149' title='bbox 541 1609 775 1656; x_wconf 91' lang='lat' dir='ltr'>custodes</span> <span class='ocrx_word' id='word_1_150' title='bbox 800 1625 865 1655; x_wconf 93' lang='lat' dir='ltr'>ne</span> <span class='ocrx_word' id='word_1_151' title='bbox 894 1625 924 1655; x_wconf 87' lang='lat' dir='ltr'>a</span> <span class='ocrx_word' id='word_1_152' title='bbox 949 1608 1155 1655; x_wconf 88' lang='lat' dir='ltr'>fortuna</span> <span class='ocrx_word' id='word_1_153' title='bbox 1181 1609 1357 1656; x_wconf 89' lang='lat' dir='ltr'>datam</span> <span class='ocrx_word' id='word_1_154' title='bbox 1384 1612 1699 1656; x_wconf 87' lang='lat' dir='ltr'>occasionem</span> 
     </span>
     <span class='ocr_line' id='line_1_23' title="bbox 161 1675 1700 1724; baseline 0.001 -1"><span class='ocrx_word' id='word_1_155' title='bbox 161 1686 186 1723; x_wconf 87' lang='lat'>4</span> <span class='ocrx_word' id='word_1_156' title='bbox 210 1677 502 1724; x_wconf 89' lang='lat' dir='ltr'>liberandae</span> <span class='ocrx_word' id='word_1_157' title='bbox 547 1676 791 1723; x_wconf 91' lang='lat' dir='ltr'>Graeciae</span> <span class='ocrx_word' id='word_1_158' title='bbox 838 1677 1174 1723; x_wconf 81' lang='lat' dir='ltr'>dimitterent.</span> <span class='ocrx_word' id='word_1_159' title='bbox 1247 1675 1378 1722; x_wconf 89' lang='lat' dir='ltr'>Nam</span> <span class='ocrx_word' id='word_1_160' title='bbox 1415 1680 1455 1723; x_wconf 89' lang='lat' dir='ltr'>si</span> <span class='ocrx_word' id='word_1_161' title='bbox 1491 1693 1606 1724; x_wconf 93' lang='lat' dir='ltr'>cum</span> <span class='ocrx_word' id='word_1_162' title='bbox 1640 1680 1700 1724; x_wconf 88' lang='lat' dir='ltr'>iis</span> 
     </span>
     <span class='ocr_line' id='line_1_24' title="bbox 211 1744 1700 1807; baseline 0.001 -16"><span class='ocrx_word' id='word_1_163' title='bbox 211 1748 365 1807; x_wconf 92' lang='lat' dir='ltr'>copiis</span> <span class='ocrx_word' id='word_1_164' title='bbox 409 1760 532 1806; x_wconf 90' lang='lat' dir='ltr'>quas</span> <span class='ocrx_word' id='word_1_165' title='bbox 578 1760 749 1790; x_wconf 91' lang='lat' dir='ltr'>secum</span> <span class='ocrx_word' id='word_1_166' title='bbox 795 1750 1167 1806; x_wconf 87' lang='lat' dir='ltr'>transportarat</span> <span class='ocrx_word' id='word_1_167' title='bbox 1202 1746 1461 1790; x_wconf 90' lang='lat' dir='ltr'>interisset</span> <span class='ocrx_word' id='word_1_168' title='bbox 1497 1744 1700 1801; x_wconf 90' lang='lat' dir='ltr'>Darius,</span> 
     </span>
     <span class='ocr_line' id='line_1_25' title="bbox 209 1810 1701 1875; baseline 0 -16"><span class='ocrx_word' id='word_1_169' title='bbox 209 1829 310 1860; x_wconf 93' lang='lat' dir='ltr'>non</span> <span class='ocrx_word' id='word_1_170' title='bbox 339 1810 498 1858; x_wconf 89' lang='lat' dir='ltr'>solum</span> <span class='ocrx_word' id='word_1_171' title='bbox 527 1811 784 1873; x_wconf 88' lang='lat' dir='ltr'>Europam</span> <span class='ocrx_word' id='word_1_172' title='bbox 820 1810 927 1857; x_wconf 90' lang='lat' dir='ltr'>fore</span> <span class='ocrx_word' id='word_1_173' title='bbox 960 1817 1145 1866; x_wconf 90' lang='lat' dir='ltr'>tutam,</span> <span class='ocrx_word' id='word_1_174' title='bbox 1172 1811 1262 1857; x_wconf 91' lang='lat' dir='ltr'>sed</span> <span class='ocrx_word' id='word_1_175' title='bbox 1299 1814 1455 1857; x_wconf 90' lang='lat' dir='ltr'>etiam</span> <span class='ocrx_word' id='word_1_176' title='bbox 1493 1827 1577 1858; x_wconf 92' lang='lat' dir='ltr'>eos</span> <span class='ocrx_word' id='word_1_177' title='bbox 1615 1815 1701 1875; x_wconf 80' lang='lat' dir='ltr'>qui</span> 
     </span>
     <span class='ocr_line' id='line_1_26' title="bbox 211 1877 1702 1941; baseline 0.001 -16"><span class='ocrx_word' id='word_1_178' title='bbox 211 1882 386 1926; x_wconf 89' lang='lat' dir='ltr'>Asiam</span> <span class='ocrx_word' id='word_1_179' title='bbox 416 1878 696 1925; x_wconf 89' lang='lat' dir='ltr'>incolerent</span> <span class='ocrx_word' id='word_1_180' title='bbox 721 1878 902 1924; x_wconf 89' lang='lat' dir='ltr'>Graeci</span> <span class='ocrx_word' id='word_1_181' title='bbox 932 1894 1121 1941; x_wconf 90' lang='lat' dir='ltr'>genere</span> <span class='ocrx_word' id='word_1_182' title='bbox 1154 1878 1337 1924; x_wconf 91' lang='lat' dir='ltr'>liberos</span> <span class='ocrx_word' id='word_1_183' title='bbox 1372 1895 1401 1924; x_wconf 90' lang='lat' dir='ltr'>a</span> <span class='ocrx_word' id='word_1_184' title='bbox 1434 1877 1702 1926; x_wconf 90' lang='lat' dir='ltr'>Persarum</span> 
     </span>
     <span class='ocr_line' id='line_1_27' title="bbox 211 1944 1701 2008; baseline 0 -15"><span class='ocrx_word' id='word_1_185' title='bbox 211 1946 407 1994; x_wconf 90' lang='lat' dir='ltr'>futuros</span> <span class='ocrx_word' id='word_1_186' title='bbox 450 1946 795 1993; x_wconf 89' lang='lat' dir='ltr'>dominatione</span> <span class='ocrx_word' id='word_1_187' title='bbox 832 1952 887 1992; x_wconf 92' lang='lat' dir='ltr'>et</span> <span class='ocrx_word' id='word_1_188' title='bbox 922 1945 1159 2008; x_wconf 89' lang='lat' dir='ltr'>periculo.</span> <span class='ocrx_word' id='word_1_189' title='bbox 1233 1945 1295 1992; x_wconf 95' lang='lat' dir='ltr'>Id</span> <span class='ocrx_word' id='word_1_190' title='bbox 1315 1945 1335 1975; x_wconf 77' lang='lat'>4</span> <span class='ocrx_word' id='word_1_191' title='bbox 1381 1944 1528 1993; x_wconf 91' lang='lat' dir='ltr'>facile</span> <span class='ocrx_word' id='word_1_192' title='bbox 1573 1947 1701 1993; x_wconf 90' lang='lat' dir='ltr'>effici</span> 
     </span>
    </p>
   </div>
   <div class='ocr_carea' id='block_1_3' title="bbox 272 2051 1671 2262">
    <p class='ocr_par' dir='ltr' id='par_1_4' title="bbox 272 2051 1169 2104">
     <span class='ocr_line' id='line_1_28' title="bbox 272 2051 1169 2104; baseline -0.002 -12"><span class='ocrx_word' id='word_1_193' title='bbox 272 2053 289 2078; x_wconf 85' lang='lat'>¹</span> <span class='ocrx_word' id='word_1_194' title='bbox 315 2052 503 2099; x_wconf 84' lang='lat' dir='ltr'>illarum,</span> <span class='ocrx_word' id='word_1_195' title='bbox 524 2052 765 2100; x_wconf 66' lang='lat' dir='ltr'>Andr-esem</span> <span class='ocrx_word' id='word_1_196' title='bbox 801 2052 1010 2104; x_wconf 88' lang='lat' dir='ltr'>ipsarum,</span> <span class='ocrx_word' id='word_1_197' title='bbox 1034 2051 1169 2091; x_wconf 81' lang='lat' dir='ltr'><strong><em>MSS.</em></strong></span> 
     </span>
    </p>

    <p class='ocr_par' dir='ltr' id='par_1_5' title="bbox 273 2104 1671 2212">
     <span class='ocr_line' id='line_1_29' title="bbox 273 2104 1671 2153; baseline 0.002 -8"><span class='ocrx_word' id='word_1_198' title='bbox 273 2107 290 2131; x_wconf 82' lang='lat'>²</span> <span class='ocrx_word' id='word_1_199' title='bbox 318 2105 555 2152; x_wconf 86' lang='lat' dir='ltr'>Miltiades,</span> <span class='ocrx_word' id='word_1_200' title='bbox 578 2106 733 2152; x_wconf 86' lang='lat' dir='ltr'>Halm;</span> <span class='ocrx_word' id='word_1_201' title='bbox 763 2106 823 2144; x_wconf 90' lang='lat' dir='ltr'>M.</span> <span class='ocrx_word' id='word_1_202' title='bbox 845 2106 916 2145; x_wconf 90' lang='lat' dir='ltr'>cui</span> <span class='ocrx_word' id='word_1_203' title='bbox 933 2105 1012 2145; x_wconf 89' lang='lat' dir='ltr'>illa</span> <span class='ocrx_word' id='word_1_204' title='bbox 1032 2105 1235 2145; x_wconf 80' lang='lat' dir='ltr'>custodia</span> <span class='ocrx_word' id='word_1_205' title='bbox 1254 2104 1515 2153; x_wconf 86' lang='lat' dir='ltr'>crederetur,</span> <span class='ocrx_word' id='word_1_206' title='bbox 1537 2106 1671 2148; x_wconf 79' lang='lat' dir='ltr'><strong><em>MSS.</em></strong></span> 
     </span>
     <span class='ocr_line' id='line_1_30' title="bbox 273 2159 1438 2212; baseline 0.001 -13"><span class='ocrx_word' id='word_1_207' title='bbox 273 2161 289 2185; x_wconf 81' lang='lat'>³</span> <span class='ocrx_word' id='word_1_208' title='bbox 318 2161 433 2200; x_wconf 80' lang='lat' dir='ltr'>Most</span> <span class='ocrx_word' id='word_1_209' title='bbox 457 2159 590 2199; x_wconf 81' lang='lat' dir='ltr'><strong><em>MSS.</em></strong></span> <span class='ocrx_word' id='word_1_210' title='bbox 615 2160 716 2200; x_wconf 81' lang='lat' dir='ltr'>have</span> <span class='ocrx_word' id='word_1_211' title='bbox 737 2159 957 2199; x_wconf 86' lang='lat' dir='ltr'>Miltiades</span> <span class='ocrx_word' id='word_1_212' title='bbox 979 2159 1112 2212; x_wconf 77' lang='lat' dir='ltr'>before</span> <span class='ocrx_word' id='word_1_213' title='bbox 1132 2160 1335 2199; x_wconf 83' lang='lat' dir='ltr'>hortatus</span> <span class='ocrx_word' id='word_1_214' title='bbox 1356 2164 1438 2200; x_wconf 85' lang='lat' dir='ltr'>est.</span> 
     </span>
    </p>

    <p class='ocr_par' dir='ltr' id='par_1_6' title="bbox 273 2212 1326 2262">
     <span class='ocr_line' id='line_1_31' title="bbox 273 2212 1326 2262; baseline 0 -9"><span class='ocrx_word' id='word_1_215' title='bbox 273 2215 290 2239; x_wconf 80' lang='lat'><strong>⁴</strong></span> <span class='ocrx_word' id='word_1_216' title='bbox 318 2215 379 2262; x_wconf 91' lang='lat' dir='ltr'>id,</span> <span class='ocrx_word' id='word_1_217' title='bbox 402 2214 555 2261; x_wconf 81' lang='lat' dir='ltr'>Halm3</span> <span class='ocrx_word' id='word_1_218' title='bbox 594 2214 639 2253; x_wconf 90' lang='lat' dir='ltr'>id</span> <span class='ocrx_word' id='word_1_219' title='bbox 659 2218 720 2261; x_wconf 90' lang='lat' dir='ltr'>et,</span> <span class='ocrx_word' id='word_1_220' title='bbox 743 2213 850 2261; x_wconf 83' lang='lat' dir='ltr'>Mu;</span> <span class='ocrx_word' id='word_1_221' title='bbox 889 2218 950 2260; x_wconf 91' lang='lat' dir='ltr'>et,</span> <span class='ocrx_word' id='word_1_222' title='bbox 973 2214 1037 2254; x_wconf 80' lang='lat' dir='ltr'>the</span> <span class='ocrx_word' id='word_1_223' title='bbox 1059 2213 1170 2253; x_wconf 79' lang='lat' dir='ltr'>other</span> <span class='ocrx_word' id='word_1_224' title='bbox 1191 2212 1326 2253; x_wconf 78' lang='lat' dir='ltr'><strong><em>MSS.</em></strong></span> 
     </span>
    </p>
   </div>
   <div class='ocr_carea' id='block_1_4' title="bbox 219 2342 1707 2555">
    <p class='ocr_par' dir='ltr' id='par_1_7' title="bbox 219 2342 1707 2555">
     <span class='ocr_line' id='line_1_32' title="bbox 278 2342 1518 2394; baseline 0 -12"><span class='ocrx_word' id='word_1_225' title='bbox 278 2343 294 2367; x_wconf 81' lang='lat'>1</span> <span class='ocrx_word' id='word_1_226' title='bbox 323 2342 437 2394; x_wconf 88' lang='lat' dir='ltr'>Only</span> <span class='ocrx_word' id='word_1_227' title='bbox 459 2342 722 2393; x_wconf 85' lang='lat' dir='ltr'>Hephaistia</span> <span class='ocrx_word' id='word_1_228' title='bbox 740 2342 1026 2381; x_wconf 87' lang='lat' dir='ltr'>surrendered</span> <span class='ocrx_word' id='word_1_229' title='bbox 1046 2342 1234 2381; x_wconf 86' lang='lat' dir='ltr'>without</span> <span class='ocrx_word' id='word_1_230' title='bbox 1255 2343 1518 2393; x_wconf 88' lang='lat' dir='ltr'>opposition.</span> 
     </span>
     <span class='ocr_line' id='line_1_33' title="bbox 274 2395 1706 2448; baseline 0.001 -13"><span class='ocrx_word' id='word_1_231' title='bbox 274 2397 290 2421; x_wconf 89' lang='lat'><strong>²</strong></span> <span class='ocrx_word' id='word_1_232' title='bbox 314 2396 474 2448; x_wconf 86' lang='lat' dir='ltr'>Nepos&#39;</span> <span class='ocrx_word' id='word_1_233' title='bbox 501 2399 743 2436; x_wconf 83' lang='lat' dir='ltr'>statement</span> <span class='ocrx_word' id='word_1_234' title='bbox 775 2397 811 2435; x_wconf 88' lang='lat' dir='ltr'>is</span> <span class='ocrx_word' id='word_1_235' title='bbox 838 2397 1102 2435; x_wconf 86' lang='lat' dir='ltr'>inaccurate.</span> <span class='ocrx_word' id='word_1_236' title='bbox 1159 2395 1345 2435; x_wconf 86' lang='lat' dir='ltr'>Lemnos</span> <span class='ocrx_word' id='word_1_237' title='bbox 1376 2396 1411 2435; x_wconf 84' lang='lat' dir='ltr'>is</span> <span class='ocrx_word' id='word_1_238' title='bbox 1441 2400 1521 2436; x_wconf 91' lang='lat' dir='ltr'>not</span> <span class='ocrx_word' id='word_1_239' title='bbox 1553 2409 1635 2437; x_wconf 87' lang='lat' dir='ltr'>one</span> <span class='ocrx_word' id='word_1_240' title='bbox 1660 2397 1706 2437; x_wconf 84' lang='lat' dir='ltr'>of</span> 
     </span>
     <span class='ocr_line' id='line_1_34' title="bbox 219 2448 1707 2555; baseline 0.001 -66"><span class='ocrx_word' id='word_1_241' title='bbox 219 2451 294 2545; x_wconf 54' lang='lat'>3113</span> <span class='ocrx_word' id='word_1_242' title='bbox 313 2450 538 2555; x_wconf 46' lang='grc' dir='ltr'>ἓξὲὲῖἷεε,</span> <span class='ocrx_word' id='word_1_243' title='bbox 560 2450 648 2489; x_wconf 87' lang='lat' dir='ltr'>and</span> <span class='ocrx_word' id='word_1_244' title='bbox 677 2450 714 2489; x_wconf 83' lang='lat' dir='ltr'>it</span> <span class='ocrx_word' id='word_1_245' title='bbox 735 2462 821 2489; x_wconf 82' lang='lat' dir='ltr'>was</span> <span class='ocrx_word' id='word_1_246' title='bbox 847 2449 997 2490; x_wconf 92' lang='lat' dir='ltr'>Conon</span> <span class='ocrx_word' id='word_1_247' title='bbox 1025 2448 1122 2488; x_wconf 89' lang='lat' dir='ltr'>who</span> <span class='ocrx_word' id='word_1_248' title='bbox 1150 2448 1338 2489; x_wconf 87' lang='lat' dir='ltr'>reduced</span> <span class='ocrx_word' id='word_1_249' title='bbox 1365 2448 1441 2488; x_wconf 85' lang='lat' dir='ltr'>the</span> <span class='ocrx_word' id='word_1_250' title='bbox 1469 2449 1632 2491; x_wconf 80' lang='lat' dir='ltr'>islands</span> <span class='ocrx_word' id='word_1_251' title='bbox 1661 2451 1707 2491; x_wconf 75' lang='lat' dir='ltr'>of</span> 
     </span>
    </p>
   </div>
   <div class='ocr_carea' id='block_1_5' title="bbox 223 2575 314 2638">
    <p class='ocr_par' dir='ltr' id='par_1_8' title="bbox 223 2575 314 2638">
     <span class='ocr_line' id='line_1_35' title="bbox 223 2575 314 2638; baseline -0.022 0"><span class='ocrx_word' id='word_1_252' title='bbox 223 2575 314 2638; x_wconf 81' lang='lat'>376</span> 
     </span>
    </p>
   </div>
  </div>
 </body>
</html>
