1802 2942
596 169 990 218 CORNELIUS
1035 169 1256 219 NEPOS

285 296 367 348 10.
404 296 567 343 Huius
627 313 720 343 rex
782 299 935 343 animi
995 298 1401 360 magnitudinem
1463 299 1714 346 admirans

222 367 531 426 cupiensque
555 363 714 410 talem
737 367 899 410 virum
922 364 1015 410 sibi
1039 365 1307 420 conciliari,
1331 368 1531 411 veniam
1554 366 1714 413 dedit.

224 430 315 477 Ille
342 447 491 476 omne
517 430 640 477 illud
665 438 868 493 tempus
893 431 1077 477 litteris
1103 435 1423 494 sermonique
1449 432 1716 480 Persarum

222 513 276 544 se
326 497 551 552 dedidit3
619 498 798 560 quibus
849 498 977 544 adeo
1027 499 1254 544 eruditus
1304 506 1400 554 est,
1448 506 1507 546 ut
1553 500 1716 547 multo

222 565 532 611 commodius
566 564 762 611 dicatur
794 565 930 626 apud
960 581 1136 628 regem
1167 566 1322 611 verba
1351 565 1530 612 fecisse
1563 583 1716 630 quam

168 637 195 676 2
217 634 251 677 ii
298 638 539 693 poterant
586 635 673 694 qui
717 635 770 677 in
817 631 1023 678 Perside
1072 640 1218 678 erant
1264 636 1387 678 nati.
1457 633 1554 679 Hic
1599 650 1714 680 cum

221 698 384 744 multa
418 702 527 761 regi
564 705 699 744 esset
734 698 984 760 pollicitus
1020 702 1465 762 gratissimumque
1499 699 1640 756 illud,
1675 704 1716 747 si

220 767 324 811 suis
351 769 428 811 uti
455 765 668 811 consiliis
695 765 867 820 vellet,
893 765 1033 811 illum
1062 766 1328 812 Graeciam
1353 766 1486 813 bello
1512 783 1717 829 oppres-

219 848 409 887 surum,
453 836 651 895 magnis
696 833 989 878 muneribus
1036 834 1100 879 ab
1146 834 1434 879 Artaxerxe
1480 834 1715 891 donatus,

219 902 272 944 in
305 900 479 945 Asiam
511 899 664 945 rediit
697 899 1105 962 domiciliumque
1141 900 1441 963 Magnesiae
1474 901 1568 947 sibi
1600 918 1717 948 con-

174 975 199 1014 3
223 969 406 1012 stituit.
477 966 711 1029 Namque
753 965 882 1012 hanc
923 967 1102 1013 urbem
1146 970 1191 1013 ei
1233 983 1323 1013 rex
1366 968 1598 1024 donarat,
1639 967 1716 1015 his

221 1034 427 1095 quidem
466 1034 648 1089 verbis,
689 1049 820 1096 quae
861 1036 907 1079 ei
946 1050 1133 1095 panem
1172 1035 1575 1096 praeberet—ex
1614 1051 1716 1098 qua

217 1104 425 1163 regione
467 1103 837 1164 quinquaginta
872 1100 1070 1147 talenta
1110 1105 1379 1163 quotannis
1413 1102 1717 1149 redibant——

220 1167 557 1229 Lampsacum
588 1175 779 1222 autem,
809 1168 945 1214 unde
974 1171 1147 1214 vinum
1176 1175 1418 1225 sumeret,
1451 1169 1714 1233 Myunta,1

219 1250 283 1280 ex
311 1251 411 1296 qua
437 1235 700 1280 obsonium
725 1234 954 1281 haberet.

284 1300 447 1347 Huius
480 1302 544 1348 ad
573 1308 798 1348 nostram
827 1304 1125 1348 memoriam
1153 1309 1488 1348 monumenta
1515 1318 1715 1348 manse-

216 1376 338 1414 runt
380 1369 507 1415 duo:
568 1368 853 1431 sepulcrum
895 1385 1053 1431 prope
1096 1369 1356 1430 oppidum,
1397 1372 1450 1415 in
1493 1385 1593 1432 quo
1637 1376 1716 1416 est

166 1442 192 1480 4
216 1435 462 1497 sepultus,
516 1436 727 1482 statua2
779 1439 832 1481 in
886 1434 993 1482 foro
1050 1435 1366 1499 Magnesiae.
1437 1436 1518 1482 De
1571 1439 1713 1483 cuius

217 1510 383 1549 morte
414 1502 725 1550 multimodis
758 1503 894 1565 apud
923 1503 1191 1565 plerosque
1223 1507 1464 1565 scriptum
1499 1510 1594 1559 est,
1625 1503 1718 1551 sed

218 1586 308 1615 nos
375 1570 594 1616 eundem
658 1573 976 1631 potissimum
1039 1569 1391 1633 Thucydidem
1456 1577 1716 1617 auctorem

219 1637 509 1698 probamus,
541 1640 625 1699 qui
653 1637 794 1683 illum
823 1640 896 1683 ait
927 1637 1226 1700 Magnesiae
1254 1638 1430 1684 morbo
1458 1644 1715 1684 mortuum

218 1719 388 1766 neque
435 1712 593 1767 negat
639 1703 793 1750 fuisse
841 1703 1047 1759 famam,
1095 1721 1349 1750 venenum
1395 1720 1486 1750 sua
1532 1712 1715 1767 sponte

217 1774 506 1832 sumpsisse,
534 1788 649 1817 cum
675 1788 729 1817 se
757 1787 888 1834 quae
914 1775 1023 1834 regi
1050 1771 1114 1817 de
1142 1771 1356 1817 Graecia
1382 1772 1715 1833 opprimenda

165 1846 190 1884 5
214 1838 465 1900 pollicitus
511 1845 646 1885 esset
689 1845 950 1900 praestare
994 1854 1141 1900 posse
1186 1839 1497 1900 desperaret.
1568 1838 1714 1885 Idem

219 1921 331 1951 ossa
361 1908 466 1951 eius
495 1905 624 1951 clam
651 1908 704 1951 in
731 1906 907 1951 Attica
936 1906 1000 1951 ab
1029 1908 1199 1952 amicis
1228 1905 1446 1968 sepulta,
1475 1910 1714 1968 quoniam

217 1971 414 2034 legibus
463 1989 565 2018 non
614 1973 996 2028 concederetur,
1047 1973 1183 2035 quod
1230 1973 1527 2035 proditionis
1579 1980 1714 2020 esset

218 2039 507 2096 damnatus,
538 2043 814 2086 memoriae
844 2039 1083 2102 prodidit.

280 2137 295 2160 1
324 2136 528 2188 Myunta,
561 2137 721 2184 Aldu-53
771 2137 835 2177 the
869 2136 1002 2176 MSS.
1039 2136 1208 2187 usually
1241 2136 1342 2176 have
1374 2136 1637 2187 corruptions
1671 2135 1718 2188 of

221 2202 373 2240 proper
393 2204 551 2235 names,
574 2191 706 2230 which
726 2191 811 2229 will
832 2196 902 2229 not
923 2191 1079 2241 always
1100 2191 1145 2230 be
1166 2191 1299 2231 noted.

278 2244 294 2268 ²
323 2249 489 2290 statua,
512 2244 660 2291 Fleck3
699 2249 891 2291 statuae,
915 2244 1048 2283 MSS.

278 2352 295 2376 1
324 2352 427 2392 This
451 2353 486 2391 is
512 2365 593 2391 one
618 2352 662 2390 of
687 2351 845 2403 Nepos'
870 2353 1075 2403 frequent
1099 2352 1451 2403 exaggerations;
1493 2351 1548 2391 cf.
1573 2351 1709 2391 Thuc.

221 2405 249 2445 i.
277 2406 354 2445 138
375 2406 463 2444 and
484 2405 600 2445 Plut.
625 2406 767 2445 Them.
790 2406 857 2445 29.

279 2459 295 2483 ²
325 2459 443 2498 Used
464 2459 510 2497 in
531 2460 607 2498 the
631 2459 804 2498 Roman
826 2472 949 2499 sense
971 2459 1017 2498 of
1038 2471 1065 2497 a
1086 2462 1187 2510 part
1209 2458 1255 2497 of
1276 2458 1381 2497 Asia
1402 2458 1555 2497 Minor.

279 2512 295 2536 ³
324 2513 554 2552 Obsonium
598 2513 801 2552 included
847 2513 1104 2564 everything
1149 2513 1251 2552 that
1296 2525 1383 2551 was
1429 2516 1558 2551 eaten
1604 2511 1709 2552 with

222 2565 356 2605 bread
378 2566 437 2618 by
458 2579 555 2618 way
578 2567 624 2606 of
643 2566 796 2613 relish;
835 2567 941 2606 with
962 2566 1038 2606 the
1062 2566 1237 2614 Greeks,
1258 2565 1489 2618 especially
1509 2565 1605 2605 fish.

215 2625 307 2678 406
