1802 2942
136 324 192 363 24

138 479 191 519 25

140 789 194 828 26

141 1102 195 1141 27

144 1257 196 1296 28

146 1567 198 1606 29

151 1955 203 1994 30

152 2109 202 2148 31

594 189 647 235 L.
699 188 1033 235 ANNAEUS
1083 187 1354 235 FLORUS

229 317 476 364 Graecula
501 320 673 363 civitas
704 332 806 362 non
840 332 930 378 pro
958 315 1170 362 mollitia
1201 318 1416 361 nominis
1448 321 1502 361 et
1525 314 1710 361 vallum

228 412 461 457 rumpere
488 401 540 441 et
565 394 838 440 incendere
857 393 1113 439 machinas
1139 409 1273 450 ausa,
1293 396 1446 439 etiam
1471 392 1711 454 congredi

227 475 468 527 navibus3
522 471 611 518 sed
648 471 850 529 Brutus,
895 474 975 517 cui
1021 470 1315 516 mandatum
1364 475 1471 516 erat
1505 469 1710 527 bellum,

229 554 386 596 victos
427 557 561 596 terra
603 552 827 611 marique
870 548 1169 610 perdomuit.
1245 547 1364 593 Mox
1405 546 1712 593 dedentibus

229 644 283 674 se
323 631 488 673 omnia
536 627 704 672 ablata
755 632 955 688 praeter
1003 642 1153 688 quam
1199 628 1447 687 potiorem
1484 625 1713 671 omnibus

231 706 487 751 habebant
513 705 814 750 libertatem.

297 784 500 844 Anceps
549 785 839 843 variumque
881 780 970 826 sed
1007 783 1328 826 incruentum
1370 783 1425 825 in
1468 780 1715 842 Hispania

231 860 421 906 bellum
480 876 590 905 cum
650 859 831 920 legatis
891 858 1053 903 Gnaei
1118 858 1341 919 Pompei,
1403 857 1602 903 Petreio
1661 863 1715 903 et

232 937 457 994 Afranio,
483 953 604 999 quos
633 936 827 982 Ilerdae
865 942 1025 981 castra
1061 934 1307 981 habentes
1340 934 1476 996 apud
1502 934 1714 981 Sicorim

232 1031 432 1061 amnem
480 1015 710 1060 obsidere
759 1020 813 1060 et
859 1014 921 1059 ab
981 1013 1167 1074 oppido
1225 1012 1567 1059 intercludere
1627 1011 1714 1057 ad-

232 1093 472 1155 greditur.
548 1092 760 1138 Interim
807 1091 1083 1137 abundatio
1130 1093 1271 1136 verni
1320 1090 1535 1136 fluminis
1583 1106 1715 1135 corn-

232 1171 480 1217 meatibus
506 1169 835 1232 prohibebat:
872 1172 940 1214 sic
966 1168 1098 1214 fame
1124 1174 1283 1213 castra
1307 1173 1560 1229 temptata
1582 1173 1714 1223 sunt,

233 1250 558 1309 obsessorque
606 1251 713 1308 ipse
756 1250 897 1308 quasi
945 1245 1282 1292 obsidebatur.
1357 1245 1459 1292 Sed
1499 1245 1587 1290 ubi
1622 1261 1718 1306 pax

235 1326 449 1372 fluminis
514 1325 665 1381 redit,
726 1324 818 1370 et1
888 1323 1295 1386 populationibus
1361 1329 1415 1369 et
1479 1320 1719 1384 pugnae2

233 1419 436 1465 campos
462 1406 675 1464 aperuit,
702 1405 887 1448 iterum
919 1400 1060 1447 ferox
1096 1404 1252 1446 instat
1289 1407 1342 1446 et
1379 1399 1620 1447 cedentes
1655 1399 1719 1444 ad

235 1481 559 1528 Celtiberiam
586 1486 883 1526 consecutus
920 1494 1105 1540 aggere
1143 1485 1196 1524 et
1220 1478 1350 1524 vallo
1385 1484 1439 1524 et
1474 1494 1564 1540 per
1594 1476 1719 1522 haec

237 1562 318 1606 siti
342 1558 406 1604 ad
431 1558 745 1604 deditionem
776 1555 1041 1618 conpulit.3
1113 1555 1194 1602 Sic
1233 1558 1433 1602 citerior
1473 1556 1719 1617 Hispania

236 1643 441 1698 recepta
477 1642 570 1692 est,
606 1651 702 1681 nec
737 1634 947 1681 ulterior
983 1650 1174 1679 moram
1209 1632 1346 1679 fecit.
1421 1632 1558 1690 Quid
1584 1635 1719 1678 enim

238 1731 337 1760 una
374 1720 488 1775 post
524 1716 746 1774 quinque
783 1712 1045 1773 legiones?
1120 1711 1296 1773 Itaque
1335 1710 1467 1757 ultro
1504 1709 1720 1756 cedente

239 1792 461 1836 Varrone
501 1790 682 1846 Gades,
708 1789 912 1846 fretum,
939 1789 1188 1845 Oceanus,
1222 1791 1388 1834 omnia
1424 1786 1721 1834 felicitatem

242 1869 461 1915 Caesaris
487 1868 839 1930 sequebantur.

309 1945 516 2007 Aliquid
565 1952 738 1991 tamen
790 1944 1024 1990 adversus
1071 1944 1334 1989 absentem
1383 1942 1564 1989 ducem
1605 1957 1723 1987 ausa

245 2024 465 2070 Fortuna
524 2029 602 2068 est
660 2026 788 2068 circa
837 2021 1130 2084 Illyricum4
1177 2027 1230 2067 et
1276 2018 1539 2077 Africam,⁵
1584 2022 1723 2082 quasi

242 2102 304 2148 de
330 2100 575 2146 industria
600 2116 834 2162 prospera
860 2103 965 2146 eius
990 2099 1209 2145 adversis
1233 2097 1452 2144 radiaret
1469 2097 1512 2153 3⁶
1537 2100 1722 2159 quippe

244 2196 359 2224 cum
384 2178 552 2224 fauces
583 2177 792 2223 Adriani
829 2180 976 2222 maris
1014 2176 1166 2222 iussi⁷
1191 2191 1434 2237 occupare
1461 2173 1725 2220 Dolabella

352 2280 368 2304 ¹
398 2284 444 2319 et
467 2281 564 2319 add.
591 2280 840 2318 Salmasius.
1030 2278 1046 2302 ²
1073 2290 1274 2330 pugnae:
1305 2289 1452 2329 pugna
1472 2275 1561 2315 BL.

353 2335 370 2359 ⁸
402 2333 624 2385 conpulit:
657 2333 846 2372 contulit
872 2334 921 2372 B.

355 2389 371 2412 4
400 2388 655 2438 Illyricum:
690 2387 873 2425 illirium
892 2388 953 2426 B:
985 2385 1193 2424 illiricum
1213 2385 1261 2426 L.

353 2442 369 2466 ⁵
399 2442 589 2480 moranti
602 2445 692 2490 post
712 2440 909 2479 Africam
929 2441 1026 2479 add.
1044 2440 1093 2478 B.

355 2495 370 2519 ‘⁵
401 2494 620 2533 radiaret:
652 2493 876 2534 radiarent
896 2495 958 2533 B:
989 2492 1269 2532 radiarentur
1287 2492 1382 2534 NL.

358 2550 372 2573 ⁷
402 2549 506 2587 iussi
526 2562 536 2587 ε
568 2549 697 2588 iussit
717 2549 768 2589 B.

248 2618 345 2663 274
