1802 2942
146 448 191 488 11

148 783 195 823 12

149 918 197 958 13

151 1255 201 1293 14

155 1523 203 1561 15

588 175 644 221 L.
694 171 1029 219 ANNAEUS
1078 169 1348 217 FLORUS

227 310 414 353 invicta
453 303 657 350 fortuna
694 309 748 349 et
784 301 960 348 ultoris
1001 306 1056 347 et
1093 303 1179 362 qui
1220 298 1582 356 vindicabatur,
1620 295 1714 344 ut1

228 377 392 421 exitus
438 371 615 434 proelii
661 370 845 416 docuit.
922 368 1142 413 Primum
1188 365 1316 412 adeo
1360 381 1545 427 anceps
1599 364 1713 420 fuit,

229 448 443 501 ut—par
504 434 796 499 utrimque²
853 435 1340 495 discrimen—capta
1397 431 1535 479 sint³
1594 431 1714 477 hinc

234 508 454 554 Caesaris
479 511 654 561 castra,
674 503 794 550 inde
814 500 990 549 Cassi.4
1041 501 1142 548 Sed
1165 506 1355 562 quanto
1379 499 1620 546 efficacior
1638 505 1717 545 est

231 575 450 630 fortuna,
491 588 640 634 quam
681 570 870 616 virtus!
954 568 1022 614 Et
1058 584 1207 630 quam
1243 583 1417 613 verum
1452 572 1548 624 est,
1581 565 1717 629 quod

233 645 452 688 moriens
479 639 733 700 (Brutus)
753 637 772 667 5
811 636 1011 692 efflavit,
1040 651 1143 681 non
1179 638 1234 680 in
1260 650 1333 691 re,
1365 633 1456 680 sed
1483 637 1534 679 in
1564 634 1718 679 verbo

231 715 429 755 tantum
456 723 564 753 esse
589 704 859 752 virtutem!
931 703 1203 749 Victoriam
1230 701 1304 746 illi
1332 700 1522 763 proelio
1546 699 1718 746 error⁶

233 776 389 822 dedit.
463 774 673 830 Cassius,
702 771 943 817 inclinato
979 786 1132 815 cornu
1170 785 1387 825 suorum,
1414 784 1528 814 cum
1559 770 1719 829 captis

236 844 456 889 Caesaris
481 844 653 886 castris
681 838 856 900 rapido
879 842 1073 899 impetu
1105 839 1411 898 recipientes
1443 851 1496 881 se
1522 838 1719 897 equites

231 910 439 966 videret,
467 908 644 969 fugere
676 908 946 952 arbitratus
971 903 1140 950 evadit
1167 906 1220 948 in
1246 902 1512 948 tumulum.
1587 900 1716 948 Inde

235 978 441 1040 pulvere
479 982 532 1021 et
568 977 800 1035 strepitu,
825 976 977 1019 etiam
1010 977 1160 1017 nocte
1186 973 1349 1015 vicina
1384 969 1721 1015 eximentibus

236 1050 410 1107 gestae
457 1046 530 1088 rei
576 1057 795 1096 sensum,
841 1055 955 1085 eum
1001 1037 1284 1100 speculator
1323 1052 1524 1099 quoque
1569 1039 1623 1081 in
1669 1035 1722 1082 id

235 1115 412 1158 missus
468 1109 659 1156 tardius
705 1110 980 1162 nuntiaret,
1027 1111 1336 1151 transactum
1384 1103 1450 1149 de
1496 1103 1721 1166 partibus

235 1186 373 1224 ratus
407 1181 495 1223 uni
531 1192 592 1222 ex
628 1178 866 1237 proximis
911 1172 1243 1219 auferendum
1277 1172 1512 1233 praebuit
1556 1172 1720 1232 caput.

241 1247 422 1292 Brutus
459 1260 572 1290 eum
607 1246 660 1287 in
708 1242 873 1288 Cassio
909 1243 1062 1287 etiam
1098 1256 1243 1285 suum
1288 1242 1510 1284 animum
1557 1237 1724 1300 perdi-

239 1313 411 1369 disset,
460 1327 525 1357 ne
573 1309 694 1372 quid
741 1324 805 1355 ex
851 1310 1115 1354 constituti
1156 1306 1255 1352 fide
1301 1309 1598 1367 resignaret,
1637 1306 1726 1364 (ita

240 1384 374 1427 enim
402 1395 504 1424 non
531 1375 828 1439 superesse⁷
862 1374 998 1421 bello
1034 1371 1362 1436 convenerat)
1389 1376 1497 1434 ipse
1526 1387 1725 1434 quoque

239 1451 327 1493 uni
363 1449 602 1492 comitum
645 1459 845 1489 suorum
882 1441 1276 1488 confodiendum
1310 1441 1544 1502 praebuit
1579 1439 1722 1486 latus.

242 1514 367 1572 Quis
393 1515 784 1574 sapientissimos
814 1526 870 1555 ac
901 1509 1196 1555 fortissimos
1221 1510 1350 1553 viros
1382 1523 1485 1553 non
1515 1509 1728 1553 miretur

239 1582 303 1628 ad
328 1581 563 1627 ultimum
587 1595 689 1624 non
713 1581 813 1624 suis
833 1577 1062 1622 manibus
1087 1591 1200 1621 usos
1221 1575 1239 1619 ?
1277 1574 1386 1620 Nisi
1413 1574 1507 1619 hoc
1527 1589 1726 1636 quoque

247 1665 308 1696 ex
333 1650 653 1710 persuasione
671 1645 692 1676 ⁸
727 1651 895 1691 sectae
922 1643 1033 1700 fuit,
1059 1659 1124 1689 ne
1148 1641 1396 1688 violarent
1422 1657 1615 1697 manus,
1640 1640 1729 1687 sed

241 1720 293 1762 in
309 1715 597 1760 amolitione
612 1713 992 1758 fortissimarum
1008 1712 1441 1772 piissimarumque
1452 1711 1729 1754 animarum

241 1782 426 1829 iudicio
451 1798 555 1837 SUO,
584 1780 772 1826 scelere
798 1778 963 1825 alieno
987 1783 1267 1824 uterentur.

407 1912 423 1937 ¹
451 1918 503 1951 ut-
522 1925 598 1951 ουτ.
623 1912 673 1951 B.

409 1967 424 1990 ²
454 1967 676 2017 utrimque
695 1965 832 2004 Palat.
858 1963 986 2004 Rehd.
1011 1977 1021 2003 z
1052 1965 1289 2014 utrumque
1308 1961 1404 2002 BN.

409 2021 425 2045 ³
455 2022 545 2059 sint
567 2020 830 2070 Spenqelius:
862 2023 966 2057 sunt
985 2017 1094 2056 codd.

410 2075 426 2099 ⁴
455 2073 576 2114 Cassi
597 2089 605 2112 ε
638 2073 766 2111 classi
786 2074 844 2112 B:
877 2071 1006 2111 cassii
1024 2071 1096 2111 N:
1131 2069 1290 2109 cassias
1310 2069 1359 2108 L.

408 2129 424 2152 ⁵
453 2128 617 2167 Brutus
638 2128 733 2166 add.
767 2127 929 2165 Tollius
949 2140 958 2165 z
987 2125 1038 2174 cf.
1062 2125 1145 2164 Dio
1169 2125 1276 2163 Cass.
1301 2121 1490 2172 XLVII,
1513 2122 1579 2163 49.

410 2182 426 2206 ⁶
456 2194 602 2221 error:
631 2193 775 2220 errore
795 2181 845 2219 B.

412 2236 427 2260 ⁷
455 2248 680 2287 superesse
700 2250 709 2273 z
741 2236 987 2285 superesset
1005 2233 1056 2273 B.

411 2289 427 2313 ⁸
455 2290 734 2341 persuasione
754 2289 824 2328 N:
856 2288 1056 2326 suasione
1075 2287 1126 2325 B.

305 2419 321 2444 ¹
351 2419 456 2458 This
476 2418 708 2470 quotation
733 2417 768 2455 is
798 2415 1038 2468 singularly
1062 2415 1197 2467 inept,
1224 2415 1342 2453 since
1367 2415 1502 2453 virtus
1521 2425 1609 2452 was
1628 2409 1731 2451 used

250 2473 309 2526 by
340 2473 506 2512 Brutus
537 2472 583 2511 in
611 2471 689 2511 the
727 2483 851 2509 sense
889 2469 934 2508 of
971 2469 1109 2508 moral
1147 2468 1307 2515 virtue,
1349 2467 1543 2507 whereas
1580 2465 1731 2506 Florus

254 2529 494 2579 interprets
514 2526 551 2566 it
571 2526 617 2564 in
636 2525 713 2564 the
734 2537 857 2563 sense
877 2523 921 2563 of
939 2523 1134 2574 military
1156 2521 1324 2561 valour.

252 2618 347 2661 310
