1802 2942
118 1392 172 1432 22

119 1626 171 1667 23

568 178 622 226 L.
675 176 1009 224 ANNAEUS
1062 176 1333 223 FLORUS

206 306 324 351 hinc
356 311 471 351 octo
504 303 770 366 legiones,1
796 308 1109 366 quingentae
1143 303 1373 350 cohortes
1410 309 1604 350 starent
1638 306 1692 348 in

204 386 369 439 armis,
394 382 513 428 inde
550 383 613 427 ab
650 383 770 428 Asia
794 398 907 428 cum
934 385 1121 428 victore
1159 384 1383 427 exercitu
1420 380 1557 427 Sulla
1581 396 1692 442 pro-

205 466 418 522 peraret.
493 459 560 505 Et
586 475 704 505 sane
731 475 845 504 cum
870 465 974 504 tam
1004 458 1146 505 ferox
1171 462 1224 504 in
1249 457 1479 504 Sullanos
1506 458 1693 504 Marius

204 537 399 593 fuisset,
424 542 611 599 quanta
636 539 842 582 saevitia
867 552 990 598 opus
1016 543 1140 592 erat,
1166 541 1222 581 ut
1260 535 1397 581 Sulla
1433 535 1497 581 de
1534 534 1695 580 Mario

206 614 579 660 vindicaretur?
677 613 897 659 Primum
944 613 1079 675 apud
1139 612 1361 673 Capuam
1408 611 1500 658 sub
1546 627 1694 658 amne

208 691 459 737 Vulturno
506 695 648 752 signa
685 697 1006 746 concurrunt,
1046 697 1100 736 et
1147 694 1317 736 statim
1360 692 1520 735 omnis
1567 688 1694 735 Nor-

206 770 321 814 bani
348 768 485 814 fusus
505 771 770 824 exercitus,
788 771 960 814 statim
986 767 1231 829 Scipionis
1251 771 1423 828 copiae
1441 772 1697 813 ostentata

206 862 294 908 spe
332 849 465 907 pacis
497 861 776 906 oppressae.
850 845 980 891 Tum
1019 845 1206 890 Marius
1231 848 1424 890 iuvenis
1449 850 1502 890 et
1538 843 1697 889 Carbo

207 923 435 969 consules
461 926 601 984 quasi
637 922 904 984 desperata
928 925 1151 978 victoria,
1180 938 1245 968 ne
1270 921 1420 967 inulti
1453 924 1696 983 perirent,

207 1004 259 1046 in
296 1007 612 1046 antecessum
661 1003 904 1061 sanguine
952 1006 1155 1045 senatus
1203 999 1296 1045 sibi
1343 999 1697 1060 parentabant,

208 1078 507 1139 obsessaque
545 1080 680 1123 curia
705 1081 772 1123 sic
810 1077 873 1123 de
901 1083 1078 1123 senatu
1115 1080 1256 1138 quasi
1294 1075 1358 1122 de
1385 1091 1584 1122 carcere
1609 1078 1695 1139 qui

207 1155 556 1217 iugularentur
592 1154 776 1200 educti.
852 1153 1148 1211 Quantum2
1197 1153 1432 1200 funerum
1473 1157 1527 1198 in
1573 1152 1698 1211 foro,

210 1236 262 1278 in
289 1236 434 1289 circo,
459 1236 512 1277 in
537 1231 758 1293 penitis3
795 1231 1030 1293 templis!
1067 1248 1185 1277 nam
1224 1231 1421 1276 Mucius
1459 1230 1698 1277 Scaevola

209 1309 440 1372 pontifex
478 1309 694 1355 Vestalis
730 1309 991 1370 amplexus
1020 1325 1127 1354 aras
1164 1315 1365 1354 tantum
1389 1324 1493 1353 non
1518 1307 1699 1354 eodem

208 1391 326 1448 igne
353 1386 608 1448 sepelitur.
684 1385 1029 1447 Lamponius4
1067 1393 1221 1447 atque
1255 1385 1534 1442 Telesinus,
1559 1384 1698 1432 Sam-

210 1468 374 1510 nitum
394 1463 563 1520 duces,
581 1467 796 1509 atrocius
815 1463 1005 1525 Pyrrho
1023 1469 1075 1509 et
1101 1462 1354 1508 Annibale
1378 1462 1698 1524 Campaniam

212 1541 564 1603 Etruriamque
601 1540 924 1602 populantur,
963 1547 1016 1587 et
1059 1541 1151 1586 sub
1188 1543 1354 1602 specie
1391 1543 1609 1601 partium
1645 1556 1698 1586 se

209 1618 477 1664 vindicant.
554 1618 705 1680 Apud
745 1618 1084 1680 Sacriportum
1122 1617 1467 1679 Collinamque
1503 1624 1699 1678 portam

211 1696 496 1743 debellatae
533 1712 706 1742 omnes
743 1696 964 1742 hostium
1003 1699 1205 1757 copiae3
1260 1696 1328 1741 ibi
1374 1695 1580 1751 Marius,
1615 1694 1699 1740 hic

210 1774 474 1820 Telesinus
511 1777 746 1835 oppressi.
825 1773 932 1819 Nec
968 1773 1104 1819 idem
1140 1779 1312 1818 tamen
1345 1771 1575 1818 caedium
1612 1775 1699 1834 qui

210 1851 332 1898 belli
390 1850 500 1896 finis
547 1849 656 1896 fuit.
755 1850 928 1896 Stricti
976 1854 1111 1896 enim
1159 1856 1211 1895 et
1257 1853 1309 1894 in
1356 1865 1480 1911 pace
1527 1848 1698 1910 gladii,

211 1927 712 1990 animadversumque
741 1931 792 1972 in
831 1944 928 1984 eos,
958 1931 1121 1990 quise
1159 1934 1340 1988 sponte
1377 1926 1694 1973 dediderant.

211 2006 380 2051 Minus
418 2011 510 2061 est,
546 2004 677 2067 quod
716 2004 852 2066 apud
889 2004 1242 2065 Sacriportum,
1279 2003 1414 2065 apud
1453 2002 1697 2048 Collinam

210 2085 533 2144 septuaginta
580 2081 716 2127 milia
758 2081 970 2143 amplius
1019 2080 1157 2127 Sulla
1199 2080 1447 2126 concidit:
1507 2079 1696 2126 bellum

268 2194 284 2217 1
313 2193 415 2232 inde
433 2198 519 2243 post
537 2193 728 2244 legiones
748 2194 843 2232 add.
869 2192 1005 2240 BNL,
1029 2190 1104 2231 del.
1131 2193 1326 2232 Iahnius.

266 2247 525 2299 ²quantum
547 2248 751 2286 Iahnius·
782 2252 996 2299 quantum
1018 2245 1062 2284 id
1084 2248 1144 2285 Β.
1175 2245 1282 2297 quid
1302 2245 1396 2285 NL.

266 2301 473 2352 ³penitis
494 2301 787 2340 Rossbachius:
819 2299 1122 2352 penitentibus
1143 2301 1205 2338 B:
1239 2298 1496 2351 patentibus
1515 2297 1611 2340 NL.

268 2355 285 2379 4
315 2355 578 2406 Lamponius
619 2356 699 2406 (cp.
744 2356 936 2406 Appian,
977 2355 1083 2393 Bell.
1126 2354 1211 2393 Oia.
1256 2353 1291 2393 I.
1334 2354 1416 2403 40;
1464 2351 1690 2402 Plutarch,

212 2410 351 2457 Sulla,
384 2410 477 2457 29):
514 2408 653 2447 lucius
682 2409 910 2460 amponius
942 2409 1001 2448 Β.
1037 2407 1290 2458 Iamponius
1317 2406 1366 2447 L.

717 2536 732 2561 ¹
758 2537 971 2578 Consuls
961 2551 1006 2576 1n
1026 2537 1079 2577 82
1098 2547 1180 2578 B.0.

213 2610 237 2640 2
247 2608 270 2654 5
281 2611 304 2639 2
