1802 2942
637 113 1032 163 CORNELIUS
1077 113 1298 162 NEPOS

163 252 188 288 2
214 244 402 291 diutius
439 250 517 290 est
550 250 776 289 moratus
812 259 966 305 quam
999 241 1099 288 fuit
1132 258 1356 288 necesse.
1426 241 1541 288 Non
1574 246 1710 289 enim

215 320 435 367 libenter
476 327 587 366 erat
626 326 747 366 ante
788 318 956 366 oculos
996 335 1201 365 suorum
1240 321 1441 375 civium,
1481 319 1618 381 quod
1657 326 1711 366 et

217 398 421 444 vivebat
453 397 594 443 laute
630 403 684 443 et
715 396 1018 459 indulgebat
1050 396 1145 442 sibi
1177 395 1433 442 liberalius
1467 412 1621 458 quam
1652 403 1712 443 ut

165 483 191 522 3
215 475 455 521 invidiam
485 474 622 537 vulgi
651 481 825 536 posset
856 472 1096 536 effugere.
1164 473 1260 519 Est
1291 476 1427 518 6111111
1455 472 1550 519 hoc
1579 490 1713 520 com-

217 568 370 598 mune
395 555 574 598 vitium
608 555 660 597 in
694 553 892 614 magnis
925 550 1199 613 liberisque
1224 551 1532 606 civitatibus,
1555 557 1616 597 ut
1638 553 1714 596 in-

219 630 352 676 vidia
384 629 575 692 gloriae
608 644 776 675 comes
807 631 904 684 sit3
941 635 993 674 et
1017 628 1239 674 libenter
1263 627 1327 674 de
1350 630 1409 674 iis
1435 626 1714 675 detrahunt

220 723 344 770 quos
391 709 614 752 eminere
658 706 868 752 videant
912 705 1080 761 altius,
1123 720 1293 767 neque
1338 708 1505 751 animo
1549 721 1714 768 aequo

215 800 465 846 pauperes
509 783 727 829 alienam
768 782 1087 845 opulentiam
1128 785 1399 828 intuuntur
1434 781 1711 830 fortunam.

221 861 405 923 Itaque
434 860 695 916 Chabrias,
720 860 889 923 quoad
917 862 963 906 ei
989 859 1195 915 licebat,
1219 859 1492 921 plurimum
1519 860 1713 906 aberat.

166 946 193 983 4
280 938 460 1001 Neque
488 955 606 984 vero
643 937 775 984 solus
801 937 885 984 ille
914 938 1093 983 aberat
1119 936 1337 983 Athenis
1362 936 1601 993 libenter,
1626 936 1718 985 sed

221 1033 395 1063 omnes
428 1015 536 1062 fere
568 1019 820 1078 principes
843 1013 1078 1061 fecerunt
1099 1014 1254 1070 idem,
1278 1014 1415 1077 quod
1436 1021 1640 1062 tantum
1662 1030 1717 1061 se

219 1094 282 1140 ab
318 1094 506 1140 invidia
531 1094 787 1155 putabant
813 1091 1083 1148 afuturos,1
1111 1098 1361 1155 quantum
1388 1108 1418 1138 a
1443 1099 1718 1155 conspectu

220 1188 424 1218 suorum
452 1173 770 1217 recesserint.
847 1170 1032 1233 Itaque
1062 1169 1237 1216 Conon
1263 1169 1537 1232 plurimum
1565 1169 1719 1233 Cypri

221 1251 365 1304 vixit,
420 1248 701 1311 Iphicrates
755 1251 807 1293 in
860 1247 1123 1302 Thraecia,
1175 1246 1473 1293 Timotheus
1535 1246 1719 1304 Lesbo,

225 1326 413 1372 Chares
469 1326 638 1389 Sigeo,
675 1325 925 1372 dissimilis
963 1325 1170 1388 quidem
1221 1323 1409 1371 Chares
1450 1324 1630 1372 horum
1666 1331 1721 1372 et

223 1402 371 1450 factis
398 1411 451 1450 et
479 1404 720 1460 moribus,
739 1402 830 1450 sed
852 1409 1028 1450 tamen
1051 1401 1269 1449 Athenis
1294 1409 1348 1449 et
1368 1401 1645 1449 honoratus
1666 1409 1720 1450 et

223 1489 422 1544 potens.

285 1558 333 1608 4.
372 1558 613 1605 Chabrias
656 1565 831 1605 autem
866 1561 1020 1621 periit
1053 1557 1187 1604 bello
1223 1557 1393 1604 sociali
1427 1556 1519 1604 tali
1553 1557 1720 1605 modo,

224 1635 610 1700 Oppugnabant
650 1635 993 1683 Athenienses
1034 1634 1231 1682 Chium.
1307 1635 1434 1681 Erat
1472 1638 1525 1681 in
1564 1635 1722 1682 classe

225 1713 466 1760 Chabrias
497 1717 743 1776 privatus,
764 1713 855 1760 sed
876 1729 1051 1760 omnes
1073 1715 1159 1776 qui
1180 1715 1231 1758 in
1252 1715 1556 1775 magistratu
1577 1720 1723 1760 erant

225 1795 531 1838 auctoritate
552 1792 802 1847 anteibat,
823 1806 1044 1854 eumque
1071 1793 1232 1853 magis
1255 1789 1442 1836 milites
1464 1807 1617 1853 quam
1637 1793 1723 1853 qui

174 1875 199 1912 2
221 1876 494 1931 praeerant
563 1869 893 1932 aspiciebant.
970 1867 1116 1927 Quae
1184 1883 1264 1913 res
1334 1870 1381 1913 ei
1447 1871 1724 1914 maturavit

226 1954 459 1993 mortem.
538 1946 670 1992 Nam
705 1946 827 1993 dum
860 1948 1051 2008 primus
1086 1945 1263 1991 studet
1295 1951 1500 2007 portum
1533 1948 1723 1992 intrare

226 2025 725 2087 gubernatoremque
748 2023 895 2070 iubet
920 2039 980 2069 eo
1016 2022 1248 2086 derigere
1272 2038 1473 2078 navem,
1496 2025 1606 2085 ipse
1629 2022 1722 2069 sibi

228 2104 468 2163 perniciei
489 2100 615 2157 fuit3
655 2118 770 2148 cum
799 2103 935 2147 enim
957 2116 1018 2147 eo
1038 2106 1379 2163 penetrasset,
1398 2106 1603 2146 ceterae
1623 2116 1724 2146 non

296 2221 314 2246 ²
343 2222 554 2268 afuturos,
578 2222 616 2261 F
618 2222 724 2268 leck;
760 2221 946 2268 futuros,
969 2226 1072 2262 most
1093 2220 1146 2260 M
1148 2220 1251 2267 SS.;
1288 2219 1531 2267 abfuturos,
1554 2233 1584 2259 u
1603 2219 1651 2260 V.

291 2357 308 2382 ²
339 2357 391 2396 In
411 2358 492 2396 356
513 2368 620 2404 Β.0.;
656 2370 724 2396 366
742 2370 784 2397 11.
810 2358 847 2404 1,
870 2369 912 2409 p.
933 2357 1028 2395 496.

293 2410 310 2435 ²
339 2411 454 2449 That
483 2412 534 2456 is,
567 2411 619 2450 he
650 2424 738 2450 was
775 2414 854 2450 not
883 2408 1380 2456 commander-in·chief;
1426 2407 1480 2448 he
1509 2420 1646 2448 seems
1676 2412 1725 2449 to

237 2464 349 2503 have
371 2465 658 2504 commanded
680 2477 706 2503 a
727 2465 915 2504 trireme.

232 2555 322 2602 500
