1747 2912
112 366 135 404 8

110 586 134 624 9

82 955 129 993 10

81 1176 128 1214 ll

82 1694 130 1733 13

83 1768 134 1805 14

82 2065 130 2104 15

529 157 586 204 L.
637 157 730 202 AN
741 156 971 203 NAEUS
1021 155 1292 203 FLORUS

166 285 378 343 ferebat,
415 292 468 331 et
503 285 823 331 manifestam
858 287 1116 330 victoriam
1158 290 1278 330 nata
1314 287 1367 329 in
1405 286 1654 346 praetoria

170 363 327 420 puppi
397 359 564 404 laurus
634 359 977 421 pollicebatur.
1083 358 1277 404 Aderat
1347 365 1528 420 sponte
1599 361 1652 403 in

169 432 408 477 auxilium
434 432 638 478 Attalus
677 448 765 478 rex
803 432 1242 493 Pergamenorum,
1269 431 1481 477 aderant
1521 431 1652 477 Rho-

169 505 256 563 dii,
293 509 524 552 naut-icus
563 506 792 568 populus,
832 510 918 568 qui
962 506 1170 551 navibus
1207 522 1235 549 a
1276 505 1439 562 marist
1481 504 1654 551 consul

171 596 199 624 a
223 584 370 626 terris
397 583 564 625 omnia
589 583 729 642 equis
754 583 971 642 virisque
1008 580 1285 642 quatiebat.
1357 579 1440 625 Bis
1476 582 1655 636 victus,

170 653 243 698 bis
303 653 506 715 fugatus
565 670 669 710 rex,
718 654 793 699 bis
842 659 1022 699 exutus
1071 656 1256 710 castris,
1309 669 1425 698 cum
1479 658 1654 698 tamen

170 727 295 773 nihil
349 728 622 774 terribilius
683 728 1045 774 Macedonibus
1098 727 1195 773 fuit
1241 730 1348 788 ipso
1397 726 1656 773 volnerum

168 808 392 863 aspectu,
440 819 567 864 quae
615 818 717 847 non
765 801 966 862 spiculis
1013 817 1107 847 nec
1155 804 1352 863 sagittis
1399 817 1494 847 nec
1554 800 1656 846 ullo

171 874 418 920 Graeculo
452 875 600 932 ferro,
641 874 729 921 sed
768 875 1062 936 ingentibus
1101 874 1213 935 pilis
1250 890 1345 920 nec
1381 874 1655 920 minoribus

173 948 350 994 adacta
392 949 571 1010 gladiis
609 949 739 994 ultra
781 955 997 995 mortem
1037 949 1294 1010 patebant.
1387 948 1656 994 Enimvero

172 1022 489 1068 Flaminino2
545 1023 673 1069 duce
729 1026 888 1068 invios
944 1029 1094 1068 antea
1151 1022 1410 1067 Chaonum
1457 1027 1656 1068 montes

173 1097 435 1158 Aoumque
455 1097 476 1125 3
499 1113 700 1143 amnem
725 1112 815 1158 per
839 1097 1053 1158 abrupta
1069 1095 1090 1125 4
1113 1095 1386 1142 vadentem
1423 1102 1477 1141 et
1511 1099 1618 1157 ipsa
1637 1094 1657 1124 5

176 1170 504 1216 Macedoniae
530 1171 746 1216 claustra
770 1173 1158 1231 penetravimus.
1235 1169 1476 1215 Introisse
1502 1172 1656 1215 victo-

171 1247 240 1289 ria
268 1244 380 1293 fuit.
455 1245 583 1289 Nam
619 1250 795 1306 postea
832 1260 1107 1306 numquam
1131 1259 1278 1289 ausus
1303 1242 1543 1305 congredi
1569 1259 1657 1289 rex

170 1317 228 1363 ad
274 1318 510 1375 tumulos,
548 1334 670 1380 quos
710 1317 1087 1380 Cynocephalas
1125 1323 1323 1373 vocant,
1361 1333 1461 1363 uno
1498 1332 1556 1362 ac
1591 1333 1657 1363 ne

173 1391 265 1436 hoc
292 1392 495 1453 quidem
522 1395 654 1438 iusto
680 1392 870 1453 proelio
895 1395 1208 1453 opprimitur.
1271 1391 1339 1436 Et
1362 1391 1434 1436 illi
1452 1390 1657 1453 quidem

173 1466 343 1511 consul
383 1482 559 1527 pacem
601 1466 745 1511 dedit
777 1482 1092 1528 regnumque
1130 1469 1394 1523 concessit,
1425 1481 1556 1523 mox,
1591 1481 1657 1512 ne

172 1540 293 1601 quid
320 1547 453 1586 esset
477 1540 679 1596 hostile,
695 1540 894 1586 Thebas
920 1547 974 1586 et
994 1540 1251 1586 Euboeam
1272 1546 1325 1586 et
1343 1546 1658 1601 grassantem

170 1616 260 1660 sub
288 1614 522 1660 Nabide6
547 1621 764 1676 tyranno
802 1630 889 1660 suo
928 1613 1309 1660 Lacedaemona
1345 1617 1652 1675 conpescuit.

173 1688 412 1733 Graeciae
450 1704 567 1733 vero
604 1694 831 1734 veterem
871 1694 1059 1734 statum
1095 1687 1334 1745 reddidit,
1367 1693 1426 1733 ut
1459 1687 1656 1748 legibus

176 1765 369 1807 viveret
428 1765 527 1807 suis
587 1767 640 1807 et
686 1765 819 1807 avita
865 1761 1102 1807 libertate
1151 1761 1415 1807 frueretur.
1513 1760 1657 1818 Quae

170 1835 368 1897 gaudia,
395 1852 522 1897 quae
560 1835 944 1882 vociferationes
982 1835 1207 1892 fuerunt,
1245 1852 1359 1881 cum
1395 1835 1489 1881 hoc
1526 1834 1656 1882 forte

172 1908 395 1954 Nemeae
438 1912 490 1953 in
532 1909 734 1955 theatro
770 1909 1230 1971 quinquennalibus
1278 1908 1408 1954 ludis
1450 1925 1479 1953 a
1515 1925 1657 1970 prae-

171 2000 295 2029 cone
356 1984 652 2029 caneretur!
743 1982 857 2040 Quo
917 1990 1174 2030 certavere
1224 1984 1429 2046 plausu!
1521 1982 1657 2040 Quid

173 2058 346 2104 florum
394 2063 445 2104 in
489 2059 747 2105 consulem
795 2057 1160 2120 profuderunt!
1234 2059 1300 2105 Et
1339 2063 1525 2106 iterum
1561 2063 1655 2106 ite-

225 2152 240 2176 1
270 2153 346 2203 qui
366 2152 550 2191 navibus
572 2166 597 2191 a
617 2153 728 2191 mari
748 2152 1062 2191 Freinshemius
1083 2169 1091 2192 :
1123 2151 1281 2204 quibus
1301 2166 1327 2192 a.
1347 2153 1458 2191 mari
1477 2153 1587 2192 codd.

227 2206 242 2229 ²
271 2206 541 2247 Flaminino:
572 2205 810 2245 flamminio
830 2207 921 2245 BI:
949 2205 1142 2245 flaminio
1163 2208 1256 2245 NL.

225 2258 241 2283 ³
271 2262 500 2312 Aoumque
531 2261 727 2300 Vinetus:
760 2273 913 2299 savum
945 2273 1029 2312 que
1061 2260 1126 2301 B:
1156 2259 1348 2312 dumque
1372 2260 1483 2300 NL:
1515 2273 1654 2300 saum-

170 2327 253 2365 que
275 2315 311 2352 I.

228 2369 244 2392 4
271 2367 460 2418 abrupta
482 2368 544 2408 L:
575 2367 735 2406 abruta
756 2370 805 2407 B.

227 2421 242 2445 ⁵
273 2427 318 2460 et
339 2422 433 2472 ipsa
452 2422 533 2460 NL
554 2436 562 2462 :
595 2422 650 2460 ad
671 2422 767 2473 ipsa
786 2423 850 2461 B:
882 2427 927 2461 et
949 2420 1004 2460 ad
1026 2422 1120 2472 ipsa
1140 2422 1178 2461 I.

226 2475 242 2498 ⁶
272 2475 352 2514 sub
373 2475 571 2516 Nabide:
604 2475 684 2514 sub
705 2489 805 2514 nam
831 2475 837 2527 Ι
863 2475 963 2515 bide
983 2477 1042 2516 B:
1071 2489 1166 2514 sum
1196 2474 1369 2515 mauide
1389 2475 1457 2516 N:
1489 2488 1656 2515 summa.

171 2528 272 2568 uide
294 2531 341 2569 L.

177 2587 268 2630 116
