1747 2912
506 156 562 205 L.
614 154 946 201 ANNAEUS
997 154 1267 201 FLORUS

146 285 390 330 morsibus
415 290 468 329 et
492 299 576 329 ore
602 289 954 345 temptassent,
972 299 1085 328 cum
1109 282 1389 328 offocandas
1412 285 1629 329 invicem

148 351 316 397 fauces
351 351 712 412 praebuissent.
786 350 916 395 Nam
956 349 1274 411 Orgiacontis
1306 348 1473 411 regis1
1506 365 1630 395 uxor

146 435 174 462 a
199 422 494 463 centurione
543 424 770 478 stuprum
819 432 961 478 passa
981 416 1000 446 2
1042 416 1354 462 memorabili
1396 415 1629 477 exemplo

146 484 423 530 custodiam
449 488 622 540 evasit,
645 483 996 546 revolsumque
1032 483 1250 529 adulteri
1285 482 1443 529 hostis
1479 489 1629 545 caput

146 551 209 597 ad
233 555 467 598 maritum
493 554 781 613 reportavit.

260 831 501 877 XXVIII.
558 831 757 878 BELLVM
796 832 1169 877 MACEDoNJcvM
1207 830 1475 878 SECVNDVM

60 930 188 986 11,l2
241 929 363 975 DUM
390 929 516 976 aliae
541 929 768 992 aliaeque
804 936 986 990 gentes
1013 928 1202 992 Syriaci
1237 929 1358 975 belli
1393 935 1634 975 secuntur

87 1003 112 1042 2
149 1000 360 1052 ruinam,
400 996 698 1042 Macedonia
735 1013 902 1042 rursus
946 1012 997 1042 se
1036 1000 1208 1042 erexit.
1286 996 1632 1042 Fortissimum

146 1064 387 1126 populum
445 1067 686 1109 memoria
743 1070 797 1109 et
854 1063 1134 1109 recordatio
1181 1079 1298 1109 suae
1354 1063 1633 1109 nobilitatis

147 1132 388 1192 agitabat,
431 1138 484 1176 et
522 1137 829 1177 successerat
868 1130 1101 1192 Philippo
1147 1130 1275 1176 filius
1322 1130 1511 1186 Perses,
1547 1133 1633 1192 qui

149 1198 300 1244 seme]
343 1201 395 1242 in
437 1204 739 1259 perpetuum
777 1201 960 1243 victam
1000 1213 1108 1244 esse
1145 1196 1496 1243 Macedoniam
1531 1213 1633 1242 non

86 1272 111 1311 3
147 1266 359 1326 putabat
407 1281 467 1310 ex
518 1268 686 1326 gentis
729 1264 993 1326 dignitate.
1069 1264 1234 1310 Multo
1282 1263 1633 1310 vehementius

148 1333 240 1377 sub
300 1332 393 1377 hoc
452 1332 759 1377 Macedones
815 1348 963 1393 quam
1019 1331 1111 1377 sub
1165 1338 1307 1392 patre
1361 1337 1627 1392 exurgunt.

149 1398 350 1460 Quippe
398 1398 614 1444 Thracas
662 1402 715 1443 in
753 1398 867 1444 res3
912 1415 1022 1444 suas
1060 1404 1334 1455 traxerant,
1370 1404 1523 1460 atque
1563 1401 1634 1444 ita

148 1466 445 1512 industriam
485 1465 822 1511 Macedonum
862 1466 1047 1511 viribus
1090 1465 1358 1522 Thracum,
1395 1464 1632 1511 ferociam

88 1541 114 1578 4
150 1533 396 1579 Thracum
436 1533 700 1594 disciplina
737 1532 1065 1578 Macedonica
1100 1539 1462 1593 temperavere.
1534 1532 1633 1577 Ac-

150 1603 300 1646 cessit
358 1600 433 1646 his
493 1600 755 1646 consilium
814 1599 971 1656 ducis,
1019 1603 1104 1661 qui
1163 1603 1315 1645 situm
1370 1602 1633 1661 regionum

148 1684 345 1713 suarum
394 1684 421 1711 a
469 1683 663 1713 summo
722 1666 1007 1728 speculatus
1057 1666 1273 1722 Haemo,
1320 1669 1494 1727 positis
1543 1682 1635 1727 per

147 1734 398 1796 abrupta4
434 1738 622 1791 castris,
655 1737 726 1779 ita
761 1733 1111 1779 Macedoniam
1144 1750 1282 1779 suam
1307 1737 1455 1779 armis
1479 1731 1634 1779 ferro-

149 1817 246 1863 que
303 1801 589 1858 vallaverat,
637 1807 695 1847 ut
742 1817 840 1846 non
889 1800 1150 1862 reliquisse
1206 1799 1398 1845 aditum
1451 1803 1548 1846 nisi
1605 1817 1633 1845 a

88 1876 113 1914 5
150 1868 288 1914 caelo
328 1872 549 1914 venturis
598 1867 824 1913 hostibus
868 1867 1136 1913 videretur.
1209 1867 1401 1913 Tamen
1444 1867 1634 1913 Marcio

155 1935 382 1997 Philippo
408 1935 610 1980 consule
637 1951 746 1980 eam
763 1933 783 1963 5
808 1938 1113 1995 provinciam
1138 1937 1390 1995 ingressus
1414 1933 1630 1996 populus

152 2003 417 2058 Romanus,
446 2002 714 2063 exploratis
739 2001 1013 2062 diligenter
1035 2002 1315 2047 accessibus
1351 2017 1442 2062 per
1476 2001 1634 2047 Ascu-

148 2069 284 2116 rida6
304 2069 541 2131 paludem
569 2068 977 2130 Perrhaebosque
1003 2068 1223 2114 tumulos
1249 2068 1333 2113 illa
1352 2067 1633 2115 volucribus

201 2178 216 2203 ¹
244 2181 357 2231 regis
378 2193 456 2219 om.
478 2180 529 2219 B.
987 2178 1003 2202 ²
1031 2192 1159 2230 passa
1178 2192 1254 2218 om.
1276 2179 1355 2218 BI.

200 2235 216 2258 ³
247 2248 315 2273 res
337 2235 539 2273 Iahnius:
572 2233 687 2272 vires
707 2233 817 2273 codd.
989 2233 1006 2257 ⁴
1036 2232 1254 2284 abrupta:
1285 2231 1444 2273 abruta
1463 2233 1577 2273 codd.

201 2287 217 2312 ⁵
248 2302 341 2327 eam
363 2289 589 2327 Heinsius:
621 2300 722 2326 nam
743 2287 853 2326 codd.

201 2341 217 2365 ⁶
248 2341 465 2380 Ascurida
484 2342 690 2380 Heinsius
701 2354 721 2389 ;
759 2342 812 2391 cf.
833 2341 984 2379 Livius
1007 2338 1169 2380 XLIV.
1188 2340 1226 2389 2,
1265 2341 1314 2380 3:
1345 2338 1548 2380 astudam
1567 2341 1631 2382 B:

145 2395 378 2434 astundam
398 2396 491 2434 NL.

779 2522 796 2548 ²
826 2524 902 2562 186
922 2534 1005 2563 13.c.

152 2582 243 2626 128
