1802 2942
577 149 630 197 L.
685 146 1017 193 ANNAEUS
1070 146 1339 193 FLORUS

215 278 641 340 longinquitatem
676 279 786 322 viae
823 273 1582 337 inputabant—quadriennium
1623 275 1698 318 in-

217 359 510 420 pleverant3
564 363 617 403 et
663 355 797 402 iaml
850 360 957 417 ipse
1005 354 1266 401 hominum
1313 354 1448 400 color
1493 354 1557 399 ab
1604 353 1702 399 alio

130 446 180 485 63
215 442 386 484 venire
428 438 565 484 caelo
605 437 872 483 fatebatur.
950 435 1121 481 Parthi
1163 450 1380 497 quoque,
1415 437 1556 496 quasi
1601 437 1702 479 vic-

217 506 376 565 toriae
412 516 737 580 paeniteret,2
762 524 905 579 rapta
930 517 1071 562 clade
1110 516 1367 562 Crassiana
1404 518 1546 577 signa
1569 513 1703 560 ultro

130 606 181 644 64
212 599 473 646 rettulere.
549 598 630 645 Sic
656 599 843 660 ubique
880 596 1053 643 certa3
1090 603 1243 658 atque
1276 598 1515 641 continua
1548 598 1704 642 totius

218 684 418 742 generis
446 680 652 725 humani
694 685 783 724 aut
818 695 915 740 pax
956 677 1054 724 fuit
1094 683 1183 722 aut
1217 675 1424 739 pactio,4
1455 691 1704 737 aususque

216 761 424 807 tandem
462 761 640 806 Caesar
690 759 948 820 Augustus
985 760 1440 819 septingentesimo
1475 756 1539 801 ab
1580 756 1704 801 urbe

217 841 420 887 condita
455 857 586 885 anno
624 839 801 884 Ianum
839 842 1099 900 geminum
1136 837 1356 893 cludere,
1388 837 1464 882 bis
1499 842 1618 882 ante
1651 851 1704 882 se

219 922 412 967 clusum
438 922 529 967 sub
568 921 733 965 Numa
758 935 878 981 rege
905 926 958 965 et
983 922 1115 964 victa
1140 921 1356 979 primum
1383 916 1703 978 Carthagine.

132 1009 183 1048 65
224 1003 361 1047 Hinc
401 1017 667 1047 conversus
710 1000 774 1046 ad
815 1016 992 1061 pacem
1035 1015 1248 1061 pronum
1286 1002 1340 1043 in
1375 1001 1541 1043 omnia
1575 996 1706 1042 mala

219 1090 272 1130 et
307 1086 359 1128 in
394 1082 641 1128 luxuriam
677 1081 836 1127 fluens
860 1079 1115 1126 saeculum
1151 1080 1384 1140 gravibus
1421 1081 1705 1139 severisque

216 1164 412 1225 legibus
448 1163 620 1208 multis
659 1165 896 1218 coercuit,
926 1162 989 1207 ob
1029 1161 1154 1206 haec
1192 1166 1271 1206 tot
1309 1159 1442 1205 facta
1477 1161 1707 1220 ingentia

129 1251 180 1289 66
217 1245 379 1290 dictus
405 1248 677 1305 imperator
713 1248 989 1304 perpetuus
1017 1248 1070 1288 et
1107 1247 1250 1302 pater
1275 1243 1480 1302 patriae.
1555 1238 1705 1284 Trac-

215 1331 380 1371 tatum
400 1328 553 1371 etiam
572 1327 624 1368 in
650 1330 845 1381 senatu,
864 1339 945 1379 an,
962 1325 1077 1384 quia
1093 1321 1402 1367 condidisset
1423 1323 1704 1382 imperium,

221 1405 458 1451 Romulus
512 1410 802 1458 vocaretur;
863 1403 952 1450 sed
1012 1406 1231 1448 sanctius
1280 1409 1333 1448 et
1392 1404 1706 1447 reverentius

218 1490 378 1532 visum
405 1492 482 1531 est
515 1501 703 1531 nomen
737 1484 975 1546 Augusti,
1001 1490 1058 1529 ut
1085 1482 1277 1528 scilicet
1301 1486 1399 1527 iam
1432 1488 1559 1538 tum,
1585 1480 1706 1526 dum

219 1567 338 1613 colit
362 1573 535 1623 terras,
561 1569 669 1628 ipso
693 1568 896 1611 nomine
923 1571 977 1611 et
1000 1563 1151 1610 titulo
1177 1568 1568 1610 consecraretur.

272 1715 289 1741 ¹
317 1717 402 1755 iam
425 1714 477 1754 Μ
481 1728 737 1754 ommseozusz
766 1718 914 1753 tamen
934 1714 1045 1752 codd.

275 1778 289 1801 2
317 1779 566 1830 paeniteret
586 1777 714 1816 Rehd.
735 1791 745 1816 ι
775 1776 1019 1827 pertineret
1039 1775 1107 1815 N:
1139 1777 1414 1826 permaneret
1433 1772 1469 1813 L
1489 1773 1651 1815 Monac.

275 1843 291 1867 ³
321 1847 442 1882 certa
461 1842 799 1881 Freinshemius:
831 1844 989 1878 cuncta
1009 1840 1119 1878 codd.

273 1906 290 1930 ⁴
316 1907 462 1958 pactio
482 1907 517 1945 L
539 1906 673 1944 Palat.
695 1919 704 1944 :
735 1905 885 1956 paccio
915 1905 1020 1944 Voss.
1048 1901 1213 1942 Monac.
1239 1902 1370 1942 Rehd.
1391 1916 1401 1942 ε
1431 1900 1567 1941 factio
1586 1901 1645 1942 N.

186 2020 201 2044 1
231 2018 416 2070 strictly
447 2017 658 2069 speaking
689 2016 764 2056 the
788 2029 892 2067 year
922 2015 966 2055 of
994 2015 1071 2055 the
1101 2015 1266 2067 closing
1289 2013 1334 2054 of
1362 2013 1441 2054 the
1463 2013 1627 2066 temple
1656 2012 1702 2054 of

130 2083 159 2124 J
163 2098 270 2123 anus
292 2085 361 2134 (29
380 2086 486 2134 B.C.)
505 2095 593 2121 was
614 2091 750 2122 A.U.G.
774 2081 866 2124 725.

136 2574 236 2625 350.
