1802 2942
643 152 1039 202 CORNELIUS
1086 152 1306 202 NEPOS

173 293 198 332 7
221 286 325 329 irae
362 282 661 346 religionem
701 289 755 329 et
794 298 879 329 eos
919 285 1085 329 vetuit
1122 282 1312 329 violari.
1381 282 1562 346 Neque
1600 299 1719 331 vero

223 350 317 396 hoc
340 349 502 396 solum
525 352 578 395 in
603 349 819 396 Graecia
840 348 982 405 fecit,
1006 356 1066 396 ut
1089 350 1284 412 templa
1307 350 1519 397 deorum
1543 358 1722 397 sancta

222 417 456 472 haberet,
489 417 580 463 sed
613 419 770 463 etiam
804 417 941 479 apud
972 417 1212 463 barbaros
1246 434 1444 464 summa
1474 417 1719 481 religione

174 493 199 533 8
223 487 392 532 omnia
407 483 674 530 simulacra
690 500 903 547 arasque
920 487 1251 531 conservavit.
1321 484 1506 547 Itaque
1521 485 1721 547 praedi-

225 553 376 598 cabat
420 554 590 597 mirari
636 567 690 598 se
736 568 838 597 non
883 551 1241 614 sacrilegorum
1286 568 1497 598 numero
1542 550 1720 599 haberi

226 623 312 682 qui
337 618 644 681 supplicibus
671 634 846 665 eorum
864 618 883 647 1
909 622 1217 674 nocuissent,
1243 625 1333 665 aut
1357 635 1459 665 non
1482 622 1721 682 graviori-

223 688 317 733 bus
356 689 531 748 poenis
572 685 719 732 adfici
758 688 845 748 qui
882 685 1180 749 religionem
1217 688 1527 742 minuerent,
1566 702 1720 750 quam

225 757 312 817 qui
333 752 453 799 fana
475 753 765 815 spoliarent.

294 819 342 869 5.
384 818 1288 881 Posthocproeliumconlatumomne
1302 819 1721 866 bellumestcirca

226 887 525 934 Corinthum
572 887 791 950 ideoque
841 885 1159 934 Corinthium
1178 888 1197 917 2
1261 894 1340 933 est
1389 886 1717 949 appellatum.

172 962 197 1001 2
222 955 318 1001 Hic
351 972 466 1001 cum
498 971 601 1000 una
632 970 806 1018 pugna
838 955 1018 1000 decem
1049 954 1189 1000 milia
1220 953 1443 1001 hostium
1476 953 1716 1017 Agesilao
1785 978 1799 989 ·

225 1023 353 1069 duce
401 1022 704 1068 cecidissent
751 1037 915 1084 eoque
963 1020 1100 1068 facto
1148 1037 1270 1084 opes
1319 1022 1719 1068 adversariorum

224 1089 524 1136 debilitatae
567 1089 879 1144 viderentur,
922 1096 1127 1135 tantum
1170 1087 1300 1135 afuit
1343 1089 1408 1135 ab
1450 1088 1721 1135 insolentia

223 1156 432 1220 gloriae,
453 1163 512 1202 ut
531 1159 913 1202 commiseratus
934 1159 1000 1202 sit
1019 1155 1277 1202 fortunam
1299 1155 1563 1212 Graeciae,
1583 1156 1721 1219 quod

223 1231 332 1270 tam
352 1223 501 1269 multi
523 1239 553 1269 a
573 1239 628 1269 se
649 1226 771 1270 victi
790 1226 913 1270 vitio
935 1223 1335 1270 adversariorum
1355 1223 1719 1270 concidissent:

223 1307 445 1353 namque
463 1290 548 1336 illa
564 1289 914 1346 multitudine,
931 1293 972 1337 si
989 1306 1113 1337 sana
1136 1307 1280 1337 mens
1301 1297 1454 1346 esset,
1473 1290 1718 1337 Graeciae

172 1366 197 1406 3
221 1358 521 1420 supplicium
551 1357 730 1404 Persas
760 1358 882 1405 dare
911 1360 1154 1420 potuisse.
1223 1357 1369 1405 Idem
1397 1374 1514 1404 cum
1544 1358 1719 1405 adver-

223 1428 378 1472 sarios
422 1428 557 1471 intra
599 1427 803 1471 moenia
846 1424 1174 1488 compulisset
1218 1431 1273 1471 et
1316 1431 1376 1471 ut
1420 1423 1718 1472 Corinthum

223 1499 546 1555 oppugnaret
603 1491 753 1539 multi
810 1490 1157 1548 hortarentur,
1215 1495 1426 1555 negavit
1483 1492 1537 1539 id
1595 1508 1717 1539 suae

223 1563 400 1606 virtuti
436 1562 734 1606 convenire:
789 1575 844 1606 se
883 1562 1018 1605 enim
1057 1576 1175 1606 eum
1213 1575 1324 1606 esse
1362 1560 1492 1606 dixit
1529 1562 1616 1623 qui
1655 1559 1719 1606 ad

224 1627 439 1673 officium
484 1633 756 1689 peccantes
803 1627 969 1673 redire
1015 1633 1242 1690 cogeret,
1287 1643 1389 1672 non
1436 1629 1522 1689 qui
1567 1627 1718 1673 urbes

171 1703 198 1739 4
219 1694 550 1741 nobilissimas
566 1701 887 1757 expugnaret
900 1693 1163 1740 Graeciae.
1232 1692 1260 1710 “
1280 1693 1412 1739 Nam
1426 1692 1521 1750 si,'’
1534 1696 1718 1756 inquit,

225 1761 253 1778 “
278 1778 362 1807 eos
391 1764 719 1824 exstinguere
745 1760 1050 1807 voluerimus
1077 1763 1165 1824 qui
1190 1761 1452 1807 nobiscum
1480 1760 1718 1808 adversus

221 1829 462 1875 barbaros
485 1835 762 1884 steterunt,
784 1835 986 1875 nosmet
1007 1831 1104 1890 ipsi
1126 1845 1216 1874 nos
1241 1831 1718 1891 expugnaverimus,

222 1895 318 1942 illis
367 1896 761 1958 quiescentibus,
829 1895 943 1954 Quo
989 1894 1127 1942 facto
1175 1898 1282 1941 sine
1329 1897 1557 1959 negotio,
1603 1911 1718 1942 cum

222 1963 492 2018 voluerint,
515 1979 604 2009 nos
628 1961 972 2025 oppriment.''

284 2029 331 2079 6.
359 2030 571 2076 Interim
585 2031 768 2077 accidit
780 2030 866 2076 illa
877 2029 1139 2076 calamitas
1150 2029 1286 2092 apud
1296 2028 1544 2075 Leuctra3
1561 2027 1718 2075 Lace-

221 2096 517 2144 daemoniis.
585 2097 699 2156 Quo
726 2113 791 2144 ne
817 2097 1238 2160 proficisceretur,
1264 2113 1380 2143 cum
1407 2113 1438 2143 a
1462 2095 1717 2159 plerisque

365 2233 382 2259 ²
413 2233 607 2280 deorum,
631 2233 807 2285 Maqius
827 2233 913 2273 and
933 2234 971 2274 B
991 2247 1039 2273 as
1059 2247 1085 2273 a
1105 2232 1339 2274 correction.

363 2287 378 2312 ²
409 2287 697 2334 Corinthium,
717 2288 947 2328 Ascensius
966 2287 1051 2327 and
1069 2300 1121 2334 u;
1157 2287 1433 2332 Corinthum,
1452 2285 1586 2326 MSS.

363 2341 379 2366 ⁸
410 2341 610 2388 Leuctra,
631 2355 659 2380 u
672 2356 683 2388 ;
721 2341 968 2388 Leuctram,
990 2341 1043 2380 M
1045 2340 1124 2381 88.
1147 2341 1416 2390 (Leuctrum,
1437 2341 1507 2389 B).

784 2511 802 2538 ¹
829 2510 954 2551 Until
975 2511 1055 2552 387
1076 2521 1161 2551 B.c.
