1802 2942
658 147 1053 197 CORNELIUS
1098 146 1319 197 NEPOS

184 286 211 324 4
236 294 375 326 socer
394 280 572 341 generi
596 280 749 340 periit
784 294 813 323 a
846 278 1037 324 morbo.
1108 277 1288 340 Neque
1313 280 1388 324 ita
1415 276 1577 324 multo
1611 282 1728 339 post

237 355 475 402 Seleucus
513 372 542 400 a
569 354 862 401 Ptolemaeo
891 354 1119 401 Cerauno
1147 355 1261 401 dolo
1293 353 1593 401 interfectus
1630 361 1727 410 est,

237 449 389 497 quem
424 432 508 478 ille
549 449 579 478 a
609 439 756 494 patre
794 431 1061 494 expulsum
1089 432 1414 479 Alexandrea
1450 431 1727 478 alienarum

235 527 389 573 opum
449 510 766 573 indigentem
812 516 1092 572 receperat.
1175 509 1292 572 Ipse
1340 517 1515 556 autem
1561 509 1731 556 Ptole-

235 604 428 643 maeus,
458 604 572 634 cum
608 590 748 634 vivus
792 587 891 634 filio
933 604 1149 651 regnum
1190 587 1501 642 tradidisset,
1539 587 1604 634 ab
1645 585 1729 633 illo

236 666 418 712 eodem
443 668 549 711 vita
575 668 801 727 privatus
829 664 1028 711 dicitur.

181 752 206 790 5
297 743 378 789 De
420 743 601 804 quibus
656 745 895 804 quoniam
945 745 1066 789 satis
1104 742 1297 789 dictum
1333 748 1591 804 putamus,
1626 757 1729 788 non

233 820 608 866 incommodum
637 819 838 866 videtur
865 836 966 865 non
995 822 1273 881 praeterire
1305 819 1646 865 Hamilcarem
1677 825 1732 866 et

234 897 593 953 Hannibalem,
614 914 738 960 quos
759 904 812 944 et
832 899 985 943 animi
1003 897 1357 960 magnitudine
1378 904 1431 943 et
1449 895 1729 944 calliditate

233 992 407 1022 omnes
428 978 480 1022 in
502 974 674 1022 Africa
694 982 840 1021 natos
861 977 1176 1037 praestitisse
1198 981 1414 1021 constat.

706 1187 878 1234 XXII.
917 1187 1298 1235 HAMILCAR

294 1295 340 1346 1.
380 1296 654 1352 Hamilcar,
693 1296 991 1343 Hannibalis
1031 1296 1177 1353 filius,
1216 1299 1515 1360 cognomine
1553 1297 1732 1354 Barca,

235 1374 691 1438 Karthaginiensis,
711 1378 873 1437 primo
895 1374 1111 1420 Poenico
1131 1374 1282 1430 bello,
1303 1375 1394 1422 sed
1413 1375 1730 1437 temporibus

231 1456 491 1508 extremis,
514 1452 786 1499 admodum
808 1451 1216 1499 adulescentulus
1237 1455 1289 1498 in
1309 1451 1474 1498 Sicilia
1492 1468 1730 1514 praeesse

178 1536 203 1575 2
227 1534 397 1592 coepit
429 1533 689 1576 exercitui.
759 1529 887 1576 Cum
918 1537 1039 1576 ante
1070 1532 1176 1576 eius
1207 1531 1486 1577 adventum
1516 1537 1571 1576 et
1598 1533 1727 1576 mari

230 1615 286 1655 et
311 1614 448 1654 terra
474 1607 606 1654 male
633 1624 712 1654 res
740 1614 1041 1671 gererentur
1072 1606 1593 1671 Karthaginiensium,
1619 1611 1729 1670 ipse

230 1686 317 1732 ubi
335 1684 516 1741 adfuit,
534 1702 813 1748 numquam
829 1684 961 1732 hosti
979 1688 1129 1732 cessit
1145 1702 1313 1748 neque
1330 1685 1496 1732 locum
1512 1685 1729 1732 nocendi

231 1762 391 1818 dedit,
414 1779 668 1825 saepeque
693 1779 720 1809 e
743 1766 1010 1818 contrario,
1032 1766 1291 1809 occasione
1315 1763 1454 1818 data,
1476 1762 1728 1809 lacessivit

230 1856 532 1903 semperque
555 1843 781 1902 superior
802 1840 1045 1887 discessit.
1115 1840 1228 1899 Quo
1251 1839 1405 1896 facto,
1426 1844 1541 1887 cum
1562 1856 1728 1902 paene

231 1921 400 1964 omnia
440 1921 491 1964 in
534 1917 699 1964 Sicilia
736 1917 893 1964 Poeni
937 1920 1239 1973 amisissent,
1275 1917 1358 1964 ille
1395 1918 1615 1981 Erycem
1658 1920 1728 1964 sic

231 1993 481 2051 defendit,
517 2003 576 2042 ut
609 1995 801 2042 bellum
837 2012 896 2042 eo
933 1994 1040 2042 loco
1075 2002 1279 2059 gestum
1313 2012 1416 2041 non
1451 1994 1726 2042 videretur.

177 2079 202 2119 3
229 2072 443 2119 Interim
470 2072 940 2136 Karthaginienses,
962 2072 1119 2120 classe
1143 2072 1280 2135 apud
1301 2071 1487 2119 insulas
1510 2073 1726 2135 Aegatis

231 2166 261 2196 a
298 2149 353 2197 C.
380 2150 606 2206 Lutatio,
633 2150 836 2197 consule
874 2150 1234 2205 Romanorum,
1257 2153 1500 2212 superati,
1533 2156 1728 2196 statue-

229 2235 350 2274 runt
379 2227 498 2275 belli
531 2227 699 2275 facere
732 2228 886 2275 finem
918 2244 1134 2291 eamque
1165 2244 1273 2275 rem
1304 2228 1511 2275 arbitrio
1542 2230 1728 2290 permi-

229 2312 405 2352 serunt
428 2304 743 2352 Hamilcaris.

416 2447 432 2472 1
462 2445 517 2485 In
538 2445 613 2484 the
634 2444 748 2484 book
767 2445 831 2485 De
850 2445 1030 2495 Reysbus
1049 2446 1297 2484 Exterarum
1317 2444 1524 2484 Gentium.

415 2499 433 2525 ²
462 2499 507 2539 O.
531 2499 736 2539 Lutatius
755 2499 950 2546 Catulus,
971 2499 1107 2538 called
1127 2499 1306 2539 Catulus
1325 2499 1371 2537 in
1389 2501 1407 2549 §
1428 2501 1472 2539 5.

226 2579 316 2626 618
