1802 2942
642 137 1037 187 CORNELIUS
1083 137 1303 187 NEPOS

221 267 451 314 collocari
472 284 573 313 non
594 273 786 329 posset,
803 269 1077 313 amicorum
1091 266 1353 313 consilium
1370 267 1390 298 1
1411 265 1637 313 habebat
1658 273 1712 314 et

225 341 473 397 quantum
505 337 719 396 quisque
751 334 899 380 daret
929 350 1020 395 pro
1051 332 1380 380 facultatibus
1410 334 1710 396 imperabat.

174 411 199 449 6
221 402 451 464 Eamque
470 418 720 447 summam
742 417 857 447 cum
877 399 1207 456 confecerat?
1226 401 1553 463 priusquam3
1589 404 1715 448 acci-

223 476 371 532 peret
406 472 692 530 pecuniam,
729 468 1017 514 adducebat
1055 485 1171 514 eum
1209 471 1295 530 qui
1331 468 1613 530 quaerebat
1650 468 1716 516 ad

226 553 310 583 eos
327 539 413 598 qui
426 534 776 591 conferebant,
791 538 939 598 eique
954 542 1013 581 ut
1026 537 1121 597 ipsi
1135 542 1465 581 numerarent
1475 533 1714 591 faciebat,

225 610 284 649 ut
314 603 398 649 ille
431 603 496 648 ad
529 619 682 665 quem
715 619 776 649 ea
806 618 886 649 res
918 603 1251 664 perveniebat
1282 605 1435 649 sciret
1466 609 1714 665 quantum

224 673 406 732 cuique
429 670 659 716 deberet.

288 736 335 786 4.
371 737 648 798 Temptata
679 743 854 782 autem
879 739 985 782 eius
1020 743 1100 783 est
1123 737 1434 783 abstinentia
1457 753 1487 782 a
1510 736 1715 783 Diome-

226 804 384 851 donte
414 804 693 866 Cyziceno;
733 820 954 866 namque
982 806 1023 849 is
1052 811 1236 867 rogatu
1260 804 1559 850 Artaxerxis
1581 807 1714 867 regis

225 871 632 933 Epaminondam
677 874 894 933 pecunia
938 871 1362 933 corrumpendum
1407 878 1714 933 susceperat.

227 938 324 984 Hic
383 955 569 1000 magno
627 955 742 984 cum
790 938 1015 1000 pondere
1069 941 1176 984 auri
1225 937 1425 984 Thebas
1473 941 1615 985 venit
1662 945 1717 984 et

229 1005 520 1068 Micythum
587 1004 1024 1051 adulescentulum
1092 1008 1316 1068 quinque
1382 1004 1590 1051 talentis
1652 1005 1718 1052 ad

227 1089 370 1119 suam
432 1072 673 1134 perduxit
733 1072 1070 1127 voluntatem,
1126 1089 1279 1135 quem
1341 1079 1453 1118 tum
1514 1072 1719 1134 Epami-

227 1140 420 1186 nondas
476 1139 749 1201 plurimum
819 1138 1108 1202 diligebat.4
1189 1138 1451 1202 Micythus
1514 1140 1719 1201 Epami-

226 1207 447 1252 nondam
482 1209 722 1252 convenit
753 1213 807 1252 et
841 1223 1045 1252 causam
1080 1206 1328 1253 adventus
1364 1207 1718 1253 Diomedontis

176 1279 200 1317 2
224 1274 464 1320 ostendit.
533 1275 606 1319 At
623 1273 707 1319 ille
728 1273 1060 1320 Diomedonti
1077 1290 1246 1320 coram
1272 1273 1300 1289 “
1325 1272 1513 1329 Nihil,''
1536 1277 1719 1336 inquit,

229 1340 257 1357 “
281 1357 406 1402 opus
425 1344 641 1402 pecunia
661 1347 739 1387 est
756 1355 767 1395 3
803 1357 922 1386 nam
941 1344 981 1387 si
999 1357 1090 1387 rex
1110 1357 1172 1387 ea
1189 1340 1299 1387 vult
1317 1357 1449 1403 quae
1465 1340 1720 1387 Thebanis

227 1415 347 1455 sunt
382 1407 544 1463 utilia,
580 1411 756 1471 gratiis
791 1406 960 1454 facere
997 1424 1108 1454 sum
1143 1415 1380 1470 paratus3
1433 1411 1511 1454 sin
1546 1415 1720 1454 autem

227 1478 496 1530 contraria,
512 1492 613 1520 non
628 1474 787 1521 habet
804 1478 911 1521 auri
927 1482 1083 1537 atque
1101 1478 1301 1538 argenti
1316 1477 1454 1521 satis.
1487 1475 1721 1537 Namque

228 1543 360 1589 orbis
408 1549 659 1588 terrarum
706 1542 906 1588 divitias
953 1545 1181 1604 accipere
1227 1542 1343 1588 nolo
1389 1558 1480 1604 pro
1524 1545 1721 1604 patriae

177 1617 202 1657 3
225 1613 456 1656 caritate.
524 1609 601 1655 Tu
626 1609 763 1672 quod
785 1625 869 1655 me
897 1612 1213 1672 incognitum
1237 1611 1506 1671 temptasti
1541 1612 1720 1672 tuique

229 1676 444 1722 similem
476 1679 780 1722 existimasti
810 1693 911 1722 non
941 1679 1094 1722 miror
1123 1677 1321 1739 tibique
1351 1680 1585 1739 ignosco;
1632 1676 1723 1723 sed

231 1743 475 1806 egredere
529 1760 762 1805 propere,
816 1760 880 1789 ne
936 1743 1056 1789 alios
1111 1760 1418 1805 corrumpas,
1471 1760 1587 1789 cum
1639 1759 1723 1790 me

229 1827 331 1856 non
350 1813 592 1872 potueris.
660 1811 729 1856 Et
749 1817 825 1865 tu,
849 1809 1101 1873 Micythe,
1122 1817 1393 1873 argentum
1412 1809 1528 1857 huic
1547 1810 1723 1866 redde,

231 1884 338 1931 aut,
375 1880 469 1922 nisi
506 1877 558 1923 id
595 1876 863 1923 confestim
900 1876 1041 1933 facis,
1080 1893 1175 1940 ego
1212 1884 1267 1923 te
1304 1877 1505 1924 tradam
1540 1880 1725 1940 magis-

180 1951 205 1988 4
228 1944 439 1990 tratui.'’
466 1944 615 1990 Hunc
635 1944 924 1990 Diomedon
942 1961 1057 1991 cum
1074 1951 1298 2007 rogaret,
1316 1951 1375 1991 ut
1394 1951 1509 1991 tuto
1526 1947 1690 1991 exiret
1704 1943 1724 1973 ⁵

231 2027 424 2073 suaque
499 2027 631 2073 quae
707 2011 955 2058 attulerat
1027 2011 1205 2058 liceret
1267 2010 1463 2067 efferre,
1525 2010 1726 2058 “Istud

231 2077 491 2141 quidem,''
511 2081 696 2141 inquit,
718 2078 745 2094 “
769 2077 971 2133 faciam,
991 2095 1159 2141 neque
1181 2085 1272 2124 tua
1292 2095 1462 2134 causa,
1481 2078 1573 2125 sed
1591 2094 1725 2135 mea,

289 2177 306 2202 ¹
336 2177 579 2219 concilium.
599 2176 749 2217 Aldus.
861 2177 877 2202 ²
905 2178 1166 2225 confecerat,
1188 2178 1318 2218 Halm
1331 2194 1343 2226 ;
1372 2178 1550 2226 fecerat,
1572 2177 1705 2219 MSS.

290 2232 306 2256 ³
337 2232 632 2283 potiusquam,
653 2231 806 2277 Halm3
842 2231 976 2272 Fleck.
999 2231 1130 2270 added
1149 2233 1254 2283 ipse.

288 2286 305 2309 4
335 2297 464 2346 quem
486 2314 497 2325 .
520 2315 530 2324 .
553 2315 562 2325 .
584 2285 807 2346 ditigebat,
821 2290 896 2336 put
916 2284 1021 2336 after
1039 2285 1418 2326 adulescentulum
1438 2285 1489 2336 by
1508 2285 1724 2336 Pluyqers.

290 2338 306 2362 ⁵
336 2351 465 2385 exire,
488 2338 546 2378 ed.
569 2339 793 2378 Brzxzana.

236 2503 251 2550 (
294 2446 399 2539 14&
395 2447 613 2550 εςρίειναιαί
632 2448 668 2487 is
694 2447 800 2487 used
823 2447 1111 2499 collectively3
1147 2447 1201 2487 cf.
1228 2448 1274 2488 ii.
1301 2449 1340 2488 7.
1365 2449 1392 2488 4
1417 2447 1506 2487 and
1529 2446 1602 2486 the
1625 2451 1726 2487 note

255 2513 296 2552 p.
421 2529 432 2540 .

231 2571 321 2632 536
