1747 2912
504 121 557 167 L.
613 118 949 166 ANNAEUS
1000 115 1270 164 FLORUS

201 249 392 290 XXVII.
450 247 623 287 Bellum
639 247 910 286 Thracicum.

179 303 394 343 XXVIII.
453 301 625 340 Bellum
645 301 867 340 Dacicum.

153 357 394 398 XXVIIII.
453 355 625 394 Bellum
646 353 950 394 Sarmaticum.

249 411 394 451 XXX.
452 409 623 448 Bellum
645 408 964 447 Germanicum.

211 464 395 504 XXXI.
453 463 623 502 Bellum
647 462 938 501 Gaetulicum.

186 518 395 558 XXXII.
455 517 624 556 Bellum
643 516 941 555 Armenicum.

167 572 394 612 XXXIII.
458 571 628 610 Beuum
650 569 961 610 Cantabricum
981 571 1026 607 et
1046 567 1314 607 Asturicum.

150 626 394 666 XXXIIII.
456 625 550 679 Pax¹
569 624 835 663 Parthorum
855 627 901 662 et
921 623 1187 662 consecratio
1207 620 1411 673 Augusti.

511 822 546 868 I.
590 822 668 867 DE
706 821 917 866 Lssclssvs
955 819 1278 865 GRACCHANIS

64 940 137 981 111,
156 924 215 970 13
253 922 571 969 sammon-um
591 923 815 965 omnium
834 933 1003 964 causas
1021 918 1290 963 tribunicia
1312 920 1537 977 potestas
1557 930 1637 960 ex-

153 1011 342 1064 citavit,
369 1022 497 1069 quae
535 1007 702 1067 specie
729 1003 933 1066 quidem
959 1002 1120 1064 plebis
1146 1000 1385 1058 tuendae,
1413 1004 1551 1047 cuius
1585 1003 1638 1045 in

153 1094 392 1140 auxilium
417 1096 703 1153 comparata
728 1096 822 1146 est,
847 1105 900 1135 re
925 1095 1095 1135 autem
1122 1086 1521 1133 dominationem
1545 1087 1640 1132 sibi

153 1180 439 1242 adquirens,
476 1176 699 1223 studium
731 1173 904 1236 populi
940 1190 997 1219 ac
1032 1172 1254 1218 favorem
1291 1174 1512 1234 agrariis,
1537 1170 1639 1217 fru-

154 1265 431 1318 mentariis,
477 1260 744 1306 iudiciariis
791 1258 989 1320 legibus
1037 1257 1393 1318 aucupabatur.
1470 1255 1642 1302 Inerat

95 1356 119 1394 2
158 1348 388 1395 omnibus
414 1348 605 1407 species
630 1346 913 1406 aequitatis.
988 1341 1125 1399 Quid
1150 1347 1255 1386 tam
1280 1344 1470 1386 iustum
1506 1343 1641 1386 enim

157 1448 307 1495 quam
339 1433 573 1491 recipere
615 1427 819 1490 plebem
856 1442 945 1473 sua
980 1442 1008 1471 a
1043 1426 1280 1487 patribus,
1328 1440 1393 1470 ne
1429 1423 1642 1485 populus

158 1519 388 1578 gentium
430 1517 588 1559 victor
625 1512 857 1574 orbisque
895 1525 1146 1572 possessor
1194 1511 1406 1555 extorris
1455 1511 1551 1554 aris
1586 1524 1643 1553 ac

95 1609 120 1648 3
154 1600 277 1646 focis
325 1598 539 1660 ageret?
635 1595 771 1654 Quid
827 1601 932 1640 tam
980 1609 1197 1655 aequum
1245 1608 1394 1654 quam
1440 1595 1644 1653 inopem

94 1693 121 1730 4
158 1682 401 1746 populum
448 1684 615 1726 vivere
663 1695 727 1726 ex
783 1681 971 1724 aerario
1030 1677 1153 1723 suo?
1225 1674 1362 1734 Quid
1416 1674 1480 1721 ad
1531 1673 1645 1720 iusl

159 1768 406 1813 libertatis
443 1762 734 1826 aequandae
773 1765 932 1823 magis
972 1761 1143 1807 efficax
1179 1776 1329 1821 quam
1372 1764 1429 1805 ut
1467 1763 1646 1805 senatu

160 1856 373 1913 regente
443 1850 720 1910 provincias
804 1845 991 1891 ordinis
1062 1847 1308 1906 equestris
1379 1845 1646 1888 auctoritas

99 1945 126 1982 5
165 1935 344 1982 saltem
400 1932 695 1978 iudiciorum
751 1945 909 1992 regno
967 1927 1295 1974 niteretur?2
1365 1926 1467 1973 Sed
1522 1925 1647 1972 haec

163 2024 268 2082 ipsa
292 2023 344 2064 in
369 2019 644 2080 perniciem
668 2014 919 2071 redibant,
945 2019 998 2060 et
1031 2015 1211 2059 misera
1246 2027 1324 2057 res
1359 2010 1559 2073 publica
1595 2012 1647 2055 in

101 2114 128 2154 6
164 2105 413 2154 exitium3
461 2108 535 2151 sui
583 2118 774 2149 merces
823 2108 944 2148 erat.
1020 2100 1149 2145 Nam
1196 2105 1249 2145 et
1296 2115 1325 2144 a
1371 2103 1549 2144 senatu
1595 2100 1650 2142 in

166 2196 390 2256 equitem
427 2189 668 2236 translata
705 2187 1001 2234 iudiciorum
1039 2191 1263 2248 potestas
1289 2183 1571 2246 vectigalia,
1596 2181 1649 2229 id

382 2350 399 2375 ²
429 2348 537 2400 quid
557 2347 614 2388 ad
634 2349 702 2387 ius
719 2361 730 2387 ι
761 2345 869 2398 quid
889 2345 1028 2385 satius
1048 2345 1086 2384 B
1104 2358 1113 2383 τ
1145 2343 1252 2396 quid
1273 2344 1340 2384 ius
1360 2343 1411 2384 L.

383 2404 399 2428 ²
428 2405 673 2442 niteretur:
700 2405 904 2440 uteretur
925 2401 974 2438 B.

383 2459 399 2483 ³
430 2459 475 2497 in
494 2457 679 2497 exitium
695 2468 712 2496 εν
736 2454 961 2494 inexilium
983 2453 1033 2493 B.

171 2551 260 2584 220
