1802 2942
682 116 1076 165 CORNELIUS
1123 116 1344 167 NEPOS

204 251 230 288 4
320 243 368 291 Is
406 261 507 291 non
543 244 704 291 solum
733 244 891 292 hostis
921 261 951 291 a
980 249 1134 292 muris
1163 245 1493 310 Karthaginis
1518 250 1753 303 removit,

257 341 373 371 cum
405 325 617 388 amplius
649 333 856 372 centum
887 325 1025 372 milia
1055 325 1192 373 facta
1223 334 1395 373 essent
1425 334 1753 384 armatorum,

256 406 348 452 sed
380 409 537 452 etiam
571 422 630 452 eo
663 406 907 468 compulit
940 413 1014 462 ut,
1046 406 1269 453 locorum
1302 411 1547 470 angustiis
1580 408 1752 464 clausi,

254 485 422 548 plures
460 485 595 533 fame
632 503 786 550 quam
821 485 954 534 ferro
990 490 1274 534 interirent.
1345 488 1531 535 Omnia
1566 490 1753 551 oppida

257 566 563 623 abalienata,
590 570 642 613 in
677 570 735 614 iis
763 567 969 614 Uticam
996 575 1152 630 atque
1179 568 1489 631 Hipponem,
1515 568 1753 616 valentis-

200 655 227 693 5
253 651 379 694 sima
402 651 559 694 totius
584 647 808 704 Africae,
831 652 1059 696 restituit
1081 652 1295 711 patriae.
1364 649 1545 712 Neque
1571 666 1631 697 eo
1655 649 1753 698 fuit

254 735 544 783 contentus,
579 729 670 775 sed
705 732 862 775 etiam
897 729 1021 775 fines
1056 732 1254 791 imperii
1288 733 1606 793 propagavit,
1640 738 1754 778 tota

253 807 427 855 Africa
446 816 650 856 tantum
671 812 832 855 otium
851 810 1092 865 reddidit,
1113 817 1171 856 ut
1191 810 1387 857 nullum
1406 813 1458 856 in
1480 827 1541 857 ea
1559 811 1750 858 bellum

253 890 512 936 videretur
541 889 714 936 multis
748 893 889 936 annis
922 889 1092 937 fuisse.

314 969 362 1019 3.
399 970 569 1017 Rebus
604 970 679 1017 his
715 987 778 1017 ex
812 974 1070 1018 sententia
1102 974 1338 1034 peractis,
1373 971 1551 1019 fidenti
1585 976 1752 1020 animo

253 1058 410 1113 atque
441 1051 627 1098 infesto
658 1052 915 1107 Romanis,
945 1069 1044 1114 quo
1074 1051 1266 1099 facilius
1297 1069 1501 1099 causam
1528 1053 1752 1101 bellandi

252 1135 517 1193 reperiret,
551 1131 719 1179 effecit
749 1140 809 1179 ut
839 1136 1116 1195 imperator
1146 1150 1261 1179 cum
1293 1137 1522 1180 exercitu
1552 1137 1605 1180 in
1636 1135 1752 1181 His-

252 1215 456 1274 paniam
480 1216 792 1269 mitteretur,
817 1229 980 1276 eoque
1005 1229 1177 1260 secum
1202 1214 1350 1261 duxit
1374 1213 1532 1260 filium
1557 1215 1751 1261 Hanni-

201 1297 226 1335 2
252 1293 421 1339 balem
471 1310 717 1340 annorum
765 1310 963 1340 novem.
1032 1294 1159 1341 Erat
1206 1301 1476 1357 praeterea
1524 1312 1639 1342 cum
1688 1312 1749 1343 eo

254 1373 548 1421 adulescens
612 1374 836 1430 illustris,
899 1374 1163 1430 formosus,
1226 1375 1534 1432 Hasdrubal,
1597 1393 1750 1439 quem

253 1455 479 1500 nonnulli
511 1455 651 1518 diligi
683 1458 879 1518 turpius
913 1472 1067 1518 quam
1097 1472 1189 1518 par
1221 1463 1332 1503 erat
1365 1457 1428 1503 ab
1460 1456 1750 1504 Hamilcare

254 1535 623 1598 loquebantur;
675 1552 776 1582 non
812 1539 947 1582 enim
980 1536 1215 1583 maledici
1249 1543 1396 1583 tanto
1431 1540 1535 1584 viro
1569 1538 1749 1585 deesse

251 1623 505 1678 poterant.
588 1616 702 1675 Quo
740 1615 934 1663 factum
973 1624 1052 1664 est
1089 1624 1147 1663 ut
1186 1634 1217 1663 a
1251 1616 1514 1680 praefecto
1551 1636 1749 1666 morum

254 1697 543 1744 Hasdrubal
577 1714 690 1744 cum
726 1714 785 1744 eo
820 1705 1081 1744 vetaretur
1115 1714 1241 1745 esse.
1310 1698 1443 1745 Huic
1475 1699 1559 1746 ille
1593 1700 1747 1746 filiam

254 1793 396 1824 suam
414 1781 465 1823 in
482 1781 861 1824 matrimonium
879 1778 1039 1834 dedit,
1059 1779 1195 1841 quod
1211 1781 1434 1826 moribus
1454 1796 1629 1826 eorum
1646 1799 1748 1829 non

201 1865 225 1905 3
251 1866 456 1921 poterat
485 1860 718 1906 interdici
749 1876 919 1906 socero
950 1876 1155 1923 genero.
1225 1860 1307 1906 De
1337 1859 1432 1907 hoc
1461 1861 1577 1908 ideo
1607 1879 1748 1909 men-

254 1942 446 1986 tionem
465 1938 695 1995 fecimus,
712 1941 864 2002 quod,
881 1940 1168 1987 Hamilcare
1195 1944 1374 1996 occiso,
1389 1941 1473 1988 ille
1501 1946 1747 1990 exercitui

253 2019 474 2083 praefuit
501 2037 683 2084 resque
710 2038 921 2084 magnas
949 2025 1108 2085 gessit
1136 2028 1190 2067 et
1215 2025 1448 2084 princeps
1477 2022 1746 2086 largitione

255 2108 480 2148 vetustos
505 2105 752 2164 pervertit
777 2118 941 2148 mores
970 2101 1471 2164 Karthaginiensium
1497 2104 1747 2151 eiusdem-

255 2198 353 2245 que
390 2189 506 2244 post
537 2190 756 2229 mortem
781 2182 1039 2229 Hannibal
1071 2183 1134 2229 ab
1167 2186 1395 2230 exercitu
1426 2184 1623 2231 accedit
1653 2188 1745 2232 im-

254 2267 466 2325 perium.

460 2382 475 2406 1
506 2382 608 2420 This
631 2382 783 2421 official
804 2383 840 2421 is
861 2382 1112 2421 mentioned
1133 2381 1331 2421 nowhere
1352 2382 1449 2422 else.

460 2435 476 2460 ²
506 2435 608 2474 This
626 2436 708 2474 law
728 2436 817 2474 also
836 2437 871 2474 is
891 2436 1141 2475 mentioned
1161 2435 1219 2487 by
1238 2436 1383 2487 Nepos
1403 2436 1539 2477 alone.

460 2489 475 2513 ³
506 2489 634 2528 Prom
653 2491 735 2529 229
754 2493 802 2529 ‘00
820 2491 898 2529 221
924 2501 1006 2529 B.c.

252 2551 339 2596 622
