1802 2942
635 203 1029 252 CORNELIUS
1074 202 1295 251 NEPOS

274 334 322 385 6.
360 333 467 380 Has
495 340 604 380 tam
632 347 898 394 prosperas
926 337 1138 393 tamque
1165 332 1454 392 inopinatas
1481 346 1562 378 res
1589 347 1706 378 con·

211 408 389 449 secuta
434 407 514 447 est
557 399 727 446 subita
771 400 1122 453 commutatio,
1167 397 1305 459 quod
1348 395 1571 454 fortuna,
1614 414 1705 445 sua

211 468 517 523 mobilitate,
558 482 712 529 quem
751 464 903 527 paulo
945 471 1067 511 ante
1108 464 1367 511 extulerat
1406 464 1705 528 demergere

160 543 186 581 2
211 543 291 583 est
327 535 521 582 adorta.
589 533 815 579 Primum
850 535 904 578 in
940 531 1041 578 filio
1078 531 1143 578 de
1181 547 1281 593 quo
1317 535 1706 579 commemoravi

212 619 365 665 supra
429 617 573 648 suam
637 603 739 646 vim
804 601 1050 645 exercuit.
1117 597 1250 644 Nam
1315 614 1431 644 cum
1494 615 1706 646 uxorem

212 670 519 723 reduxisset,
544 683 676 730 quae
711 665 794 712 alii
826 665 998 712 fuerat
1028 665 1238 720 tradita,
1263 664 1524 728 filiumque
1551 665 1708 712 vellet

211 754 299 783 rev
303 752 449 783 ocare
501 735 567 781 ad
615 737 860 780 virtutem
912 749 942 778 a
990 732 1193 794 perdita
1242 732 1458 789 luxuria,
1510 735 1707 796 accepit

162 813 186 852 3
210 806 562 867 gravissimum
604 817 788 863 parens
833 799 1012 845 vulnus
1056 806 1222 845 morte
1267 799 1370 845 filii.
1503 799 1707 847 Deinde

214 878 327 968 ortla
347 871 590 917 dissensio
613 875 692 914 est
711 871 846 914 inter
868 882 985 912 eum
1008 873 1062 912 et
1082 865 1425 921 Heraclidem,
1447 869 1551 929 qui,
1571 867 1709 929 quod

214 939 300 985 ei1
329 939 674 1013 principatum
701 951 803 980 non
834 933 1168 988 concedebat,
1199 931 1476 979 factionem
1507 950 1709 996 compa-

213 1007 360 1051 ravit.
429 1003 611 1065 Neque
662 1004 703 1048 is
754 1004 920 1047 minus
972 999 1178 1046 valebat
1229 1000 1366 1062 apud
1416 1003 1710 1063 optimates,

215 1088 430 1135 quorum
446 1085 694 1116 consensu
708 1074 947 1130 praeerat
962 1067 1126 1122 classi,
1142 1083 1258 1114 cum
1275 1067 1411 1113 Dion
1428 1071 1709 1114 exercitum

162 1139 506 1201 4pedestrem
554 1142 775 1183 teneret.
846 1134 960 1181 Non
1009 1134 1130 1181 tulit
1179 1133 1273 1180 hoc
1325 1137 1492 1181 animo
1543 1151 1708 1197 aequo

216 1206 370 1260 Dion,
407 1212 460 1251 et
494 1220 696 1250 versum
729 1202 871 1248 illum
906 1201 1117 1248 Homeri
1150 1201 1354 1248 rettulit
1389 1218 1452 1248 ex
1487 1202 1710 1249 secunda

212 1272 500 1334 rhapsodia,
540 1274 593 1316 in
635 1286 734 1332 quo
775 1268 903 1315 haec
943 1271 1203 1315 sententia
1245 1275 1357 1315 est:
1418 1285 1520 1314 non
1560 1285 1709 1331 posse

213 1341 347 1386 bene
379 1341 488 1402 geri
518 1354 627 1383 rem
658 1336 914 1399 publicam
944 1335 1221 1381 multorum
1251 1338 1491 1397 imperiis.
1559 1335 1710 1394 Quod

215 1408 409 1454 dictum
469 1420 658 1467 magna
717 1403 906 1449 invidia
966 1409 1240 1449 consecuta
1301 1409 1408 1457 est,
1487 1418 1709 1466 namque

216 1477 473 1536 aperuisse
520 1471 790 1518 videbatur
836 1472 1006 1516 omnia
1051 1472 1104 1515 in
1151 1486 1243 1516 sua
1288 1476 1550 1531 potestate
1599 1486 1710 1517 esse

164 1551 189 1588 5
213 1541 358 1587 velle.
427 1539 574 1585 Hanc
598 1538 683 1584 ille
710 1554 812 1584 non
836 1537 996 1583 lenire
1023 1537 1284 1599 obsequio,
1310 1537 1402 1583 sed
1428 1537 1709 1584 acerbitate

216 1611 502 1670 opprimere
542 1605 758 1660 studuit,
797 1603 1244 1666 Heraclidemque,
1283 1620 1399 1650 011111
1437 1602 1709 1667 Syracusas

217 1678 457 1729 venisset,
482 1671 895 1719 interficiundum
921 1673 1130 1718 curavit.

279 1741 328 1791 ’7.
365 1740 516 1798 Quod
577 1738 771 1785 factum
835 1739 1067 1785 omnibus
1130 1739 1410 1783 maximum
1473 1739 1710 1784 timorem

216 1811 418 1862 iniecit,
460 1823 610 1853 nemo
636 1809 772 1852 enim
794 1804 878 1851 illo
902 1803 1175 1851 interfecto
1200 1821 1253 1850 se
1277 1811 1451 1850 tutum
1473 1805 1708 1866 putabat.

219 1875 311 1921 Ille
339 1882 531 1929 autem,
558 1873 843 1920 adversario
869 1878 1085 1927 remoto,
1111 1871 1346 1917 licentius
1374 1887 1549 1917 eorum
1574 1873 1708 1919 bona

217 1959 342 2004 quos
362 1942 556 1988 sciebat
576 1941 814 1987 adversus
834 1955 888 1985 se
908 1942 1123 1985 sensisse
1142 1938 1387 1984 militibus
1407 1938 1709 2001 dispertivit.

167 2016 191 2053 2
216 2009 412 2068 Quibus
441 2009 628 2063 divisis,
655 2023 772 2054 cum
806 2006 1047 2053 cotidiani
1081 2008 1290 2051 maximi
1326 2005 1509 2052 fierent
1541 2022 1711 2069 sump-

216 2084 317 2132 tuS,
370 2075 604 2122 celeriter
653 2077 871 2137 pecunia
921 2073 1100 2120 deesse
1151 2075 1340 2135 coepit,
1389 2088 1558 2135 neque
1609 2089 1710 2136 quo

217 2184 304 2277 ΜΞ
307 2196 398 2276 ΛΞ01111
436 2182 554 2234 quod
580 2182 634 2228 ei,
662 2181 702 2220 F
702 2181 823 2228 leck.;
867 2181 941 2232 qui
969 2180 1101 2232 quod,
1128 2179 1182 2227 R,
1210 2179 1372 2231 Nipp.;
1417 2180 1491 2232 qui
1518 2179 1710 2231 quidem,

284 2346 299 2370 1
330 2344 406 2384 See
424 2348 462 2384 4.
483 2346 522 2384 3.

280 2399 296 2423 ²
325 2399 439 2437 Thai:
458 2399 508 2442 is,
530 2396 643 2436 Iliad
660 2398 705 2436 ii.
727 2398 830 2436 204:
861 2395 936 2436 οὐκ
954 2394 1107 2446 ἀγαθὸν
1127 2394 1427 2448 πολυκοιρανίη,
1446 2394 1505 2439 εἷς
1525 2394 1712 2446 κοίρανος

224 2452 345 2497 ἔστω,
383 2452 441 2496 εἷς
476 2450 676 2503 βασιλεύς.
746 2450 836 2489 The
874 2449 993 2489 word
1030 2448 1256 2499 rhapsodia
1294 2448 1513 2500 (ῥαψῳδία)
1560 2451 1710 2488 meant

224 2505 453 2557 originally
473 2511 501 2528 “
518 2518 544 2544 a.
562 2503 713 2544 recital
733 2504 778 2543 of
797 2504 905 2554 Epio
928 2504 1128 2555 poetry,”
1150 2502 1232 2542 but
1251 2515 1339 2542 was
1359 2501 1535 2555 applied
1553 2501 1614 2554 by
1631 2501 1709 2542 the

227 2560 423 2600 Romans
444 2563 491 2600 tvo
509 2558 585 2599 the
605 2557 740 2598 books
762 2558 805 2597 of
823 2558 1002 2598 Homer.

214 2637 309 2694 484
