1802 2942
146 1294 195 1333 10

149 1605 195 1643 11

586 153 639 199 L.
693 152 1026 200 ANNAEUS
1076 153 1347 201 FLORUS

233 284 367 327 enim
414 285 550 342 prius
593 285 910 343 quieverunt,
954 297 1103 343 quam
1142 285 1194 326 in
1237 285 1344 343 ipsa
1382 283 1506 328 urbe
1547 282 1716 329 medio

233 366 410 404 senatu
438 375 627 416 eorum,
661 362 747 421 qui
771 362 891 404 victi
919 365 1081 415 erant,
1105 358 1219 404 odia
1243 363 1445 405 victoris
1483 376 1535 406 se
1561 360 1716 407 caede

233 439 488 482 satiarent.

305 513 461 559 Causa
499 519 673 559 tantae
710 513 1007 559 calamitatis
1047 512 1224 559 eadem
1267 512 1435 575 quae1
1476 517 1716 572 omnium,

231 594 385 635 nimia
423 590 650 636 felicitas.
726 590 777 635 Si
817 590 1022 652 quidem
1062 589 1255 647 Quinto
1306 590 1519 636 Metello
1562 591 1718 638 Lucio

233 667 441 713 Afranio
460 668 480 697 2
505 667 789 714 consulibus
816 684 928 713 cum
957 668 1178 713 Romana
1201 671 1435 715 maiestas
1459 675 1567 714 toto
1599 670 1719 716 orbe

231 745 449 806 polleret
474 753 806 807 recentesque
833 748 1081 801 victorias,
1109 745 1344 791 Ponticos
1369 752 1423 792 et
1452 746 1720 792 Armenios

230 822 529 884 triumphos,
568 826 621 867 in
666 822 982 883 Pompeianis
1020 822 1234 868 theatris
1278 823 1434 868 Roma
1476 830 1720 880 cantaret,

232 903 387 945 nimia
427 899 632 961 Pompei
665 903 896 961 potentia
924 900 1057 961 apud
1095 903 1296 956 otiosos,
1322 907 1380 946 ut
1417 900 1561 958 solet,
1587 904 1720 947 cives

234 981 391 1023 movit
438 977 696 1024 invidiam.
788 977 1029 1023 Metellus
1077 978 1141 1023 ob
1188 981 1493 1024 inminutum
1541 977 1720 1025 Cretae

232 1055 562 1116 triumphum,
590 1055 712 1100 Cato
737 1054 974 1101 adversus
999 1061 1236 1116 potentes
1261 1071 1459 1116 semper
1491 1055 1720 1118 obliquus

233 1132 518 1178 detrectare
556 1132 792 1193 Pompeio
831 1135 1055 1194 actisque
1095 1136 1201 1178 eius
1238 1133 1543 1194 obstrepere.
1619 1133 1721 1178 Hic

233 1209 374 1255 dolor
434 1217 772 1256 transversum
822 1213 928 1271 egit
975 1216 1029 1256 et
1075 1210 1138 1255 ad
1184 1210 1432 1271 praesidia
1483 1210 1722 1272 dignitati

232 1287 452 1348 paranda
475 1287 675 1348 inpulit.
733 1287 883 1333 Forte
908 1294 1032 1332 tunc
1059 1287 1261 1333 Crassus
1282 1304 1490 1349 genere,
1517 1288 1721 1346 divitiis,

233 1365 485 1426 dignitate
510 1365 737 1420 florebat,
763 1365 857 1410 ut3
893 1364 1051 1410 vellet
1086 1371 1260 1411 tamen
1296 1368 1530 1411 auctioris
1566 1381 1717 1428 opes;

234 1442 283 1487 C.
328 1442 506 1488 Caesar
548 1441 839 1503 eloquentia
879 1449 933 1488 et
971 1445 1163 1503 spiritu,
1205 1459 1322 1488 ecce
1359 1446 1457 1487 iam
1505 1449 1559 1489 et
1605 1459 1721 1489 con-

232 1520 396 1566 sulatu
422 1520 777 1574 adlevabatur3
818 1519 1082 1581 Pompeius
1101 1526 1275 1566 tamen
1293 1524 1427 1566 inter
1451 1527 1720 1583 utrumque

235 1599 503 1644 eminebat.
579 1596 660 1643 Sic
685 1600 841 1658 igitur
867 1597 1075 1643 Caesare
1101 1597 1403 1659 dignitatem
1432 1614 1720 1660 conparare,

234 1675 406 1720 Crasso
432 1691 635 1736 augere,
662 1674 901 1736 Pompeio
937 1678 1157 1721 retinere
1195 1676 1532 1737 cupientibus,
1564 1679 1720 1721 omni-

232 1754 426 1814 busque
465 1756 653 1814 pariter
699 1755 960 1813 potentiae
1008 1752 1202 1814 cupidis
1241 1753 1305 1799 de
1345 1753 1631 1799 invadenda
1665 1769 1720 1800 re

231 1830 431 1891 publica
469 1829 614 1875 facile
652 1833 901 1876 convenit.
977 1829 1110 1891 Ergo
1154 1846 1268 1875 cum
1307 1834 1495 1876 mutuis
1534 1831 1721 1877 viribus

231 1911 283 1952 in
318 1924 461 1953 suum
501 1911 712 1969 quisque
755 1906 908 1952 decus
951 1910 1255 1964 niterentur,
1289 1907 1506 1953 Galliam
1543 1907 1722 1954 Caesar

232 1985 441 2041 invadit,
477 1984 676 2030 Crassus
713 1984 903 2041 Asiam,
943 1984 1208 2046 Pompeius
1249 1985 1579 2046 Hispaniam:
1617 1991 1721 2033 tres

231 2065 434 2107 maximi
461 2065 727 2117 exercitus,
753 2068 807 2108 et
833 2065 885 2106 in
911 2061 988 2107 his
1014 2063 1146 2108 orbis
1183 2065 1451 2123 imperium
1477 2065 1720 2110 societate

505 2175 521 2198 1
551 2174 700 2213 eadem
722 2187 834 2225 quae
856 2175 995 2214 Aldus
1015 2188 1023 2213 z
1056 2174 1294 2227 eademque
1315 2177 1426 2214 codd.

340 2229 357 2254 ²
387 2228 596 2268 Afranio:
628 2228 839 2267 Africano
858 2229 908 2267 B.
1063 2229 1080 2253 ³
1109 2233 1161 2268 ut
1180 2230 1278 2268 add.
1302 2230 1596 2270 Mommsenus.

287 2338 303 2361 1

286 2391 302 2415 ²
333 2337 431 2429 {15ng
435 2368 442 2375 .
453 2348 622 2428 ῗέαᾶεΐε
652 2389 697 2428 of
725 2389 793 2428 his
823 2389 1027 2428 defeated
1052 2390 1241 2427 enemies
1269 2389 1369 2436 had,
1393 2389 1453 2440 by
1473 2389 1719 2442 Pompeius’

233 2444 396 2537 orglebrS,
422 2448 500 2483 not
520 2443 627 2482 been
648 2442 833 2483 allowed
855 2449 901 2483 to
921 2442 1057 2496 figure
1078 2443 1123 2482 in
1143 2442 1365 2483 Metellus'
1386 2444 1595 2496 triumph.

405 2509 487 2538 B.c.

234 2575 327 2620 268
