1802 2942
653 161 1049 212 CORNELIUS
1095 162 1317 212 NEPOS

233 293 492 340 destiterit
527 294 695 338 animo
730 291 922 338 bellare
957 308 1072 338 cum
1096 292 1352 339 Romanis.
1420 290 1467 341 2.
1505 292 1636 339 Nam
1671 301 1730 341 ut

233 363 469 406 omittam
508 358 815 421 Philippum,
856 375 1009 422 quem
1049 359 1230 406 absens
1269 358 1470 406 hostem
1507 361 1730 408 reddidit

232 427 490 482 Romanis,
525 430 750 473 omnium
783 429 842 472 iis
876 427 1191 488 temporibus
1224 430 1606 489 potentissimus
1639 444 1730 474 rex

232 493 514 541 Antiochus
572 492 685 540 fuit.
755 493 906 540 Hunc
962 500 1111 540 tanta
1167 494 1449 556 cupiditate
1504 495 1732 542 incendit

230 561 470 616 bellandi,
511 567 569 607 ut
608 576 769 624 usque
810 577 840 607 a
877 561 1029 608 rubro
1068 564 1195 607 mari
1235 578 1375 607 arma
1413 569 1624 609 conatus
1663 565 1730 610 s‘rt

230 627 417 675 inferre
446 628 642 674 Italiae.

177 701 203 740 2
294 697 378 742 Ad
400 712 554 758 quem
575 712 690 742 cum
711 694 871 758 legati
893 698 1151 742 venissent
1173 695 1405 751 Romani,
1428 698 1514 758 qui
1536 695 1600 743 de
1624 699 1730 743 eius

236 763 505 809 voluntate
559 762 885 824 explorarent
936 763 1222 826 darentque
1265 779 1473 825 operam
1515 763 1731 810 consiliis

234 830 559 877 clandestinis
585 837 644 876 ut
661 829 1004 876 Hannibalem
1019 833 1070 876 in
1090 833 1428 892 suspicionem
1442 833 1552 893 regi
1570 831 1729 878 addu-

233 905 426 952 cerent,
453 904 718 959 tamquam
745 898 809 943 ab
835 900 954 959 ipsis
981 904 1245 959 corruptus
1272 897 1370 943 alia
1396 904 1552 960 atque
1579 905 1734 945 antea

229 964 486 1020 sentiret,1
513 980 681 1027 neque
716 964 769 1011 id
803 963 990 1010 frustra
1023 963 1264 1011 fecissent
1297 965 1451 1027 idque
1476 964 1734 1012 Hannibal

231 1035 562 1094 comperisset
591 1047 748 1094 seque
781 1032 845 1077 ab
876 1033 1197 1078 interioribus
1229 1032 1444 1078 consiliis
1475 1035 1734 1096 segregari

179 1106 205 1146 3
230 1100 455 1154 vidisset,
485 1106 717 1161 tempore
754 1099 876 1145 dato
921 1099 1047 1146 adiit
1091 1100 1156 1146 ad
1198 1116 1392 1162 regem,
1423 1102 1573 1162 eique
1616 1117 1732 1147 cum

231 1166 394 1213 multa
415 1167 478 1213 de
496 1166 595 1212 fide
617 1183 707 1212 sua
729 1173 783 1212 et
798 1167 912 1213 odio
933 1169 984 1212 in
1001 1166 1253 1213 Romanos
1270 1174 1734 1224 commemorasset,

231 1233 326 1280 hoc
373 1234 632 1280 adiunxit:
698 1232 725 1248 “
751 1232 905 1279 Pater
950 1233 1146 1289 meus,''
1193 1237 1376 1296 inquit,
1423 1233 1451 1250 ‘⁶
1476 1234 1735 1281 Hamilcar

231 1301 443 1363 puerulo
473 1317 573 1356 me,
604 1307 786 1362 utpote
816 1317 917 1347 non
948 1300 1162 1362 amplius
1191 1318 1375 1348 novem
1406 1318 1562 1349 annos
1592 1309 1733 1358 nato,

231 1371 284 1415 in
306 1368 605 1430 Hispaniam
628 1372 904 1430 imperator
924 1368 1261 1430 proficiscens,
1286 1367 1603 1432 Karthagine
1626 1369 1733 1416 Iovi

181 1443 206 1480 4
231 1439 423 1497 optimo
451 1439 673 1481 maximo
700 1435 890 1481 hostias
918 1435 1214 1483 immolavit.
1284 1435 1430 1495 Quae
1458 1437 1627 1483 divina
1652 1452 1733 1484 res

233 1503 355 1550 dum
391 1503 769 1558 conficiebatur,
806 1506 1057 1564 quaesivit
1092 1520 1123 1549 a
1156 1518 1240 1549 me
1276 1503 1526 1550 vellemne
1561 1520 1734 1551 secum

231 1572 284 1617 in
300 1577 466 1617 castra
481 1570 740 1632 proficisci.
811 1569 872 1616 Id
888 1587 1002 1616 cum
1017 1569 1238 1617 libenter
1254 1573 1560 1633 accepissem
1576 1578 1734 1634 atque

233 1639 298 1684 ab
322 1654 381 1684 eo
404 1645 583 1700 petere
607 1640 886 1699 coepissem
908 1653 973 1683 ne
994 1638 1255 1684 dubitaret
1278 1638 1481 1695 ducere,
1497 1645 1609 1685 tum
1630 1638 1733 1695 ille,

232 1703 245 1722 ‘
270 1703 507 1761 Faciam,'
521 1707 705 1767 inquit,
721 1704 731 1720 ‘
756 1708 796 1751 si
809 1703 933 1750 mihi
947 1704 1100 1752 fidem
1115 1721 1268 1768 quam
1281 1705 1482 1768 postulo
1498 1705 1733 1754 dederis.’

234 1771 392 1818 Simul
430 1788 512 1818 me
552 1773 617 1818 ad
657 1788 794 1818 aram
835 1772 1050 1818 adduxit
1088 1772 1224 1834 apud
1262 1789 1415 1835 quam
1454 1773 1733 1820 sacrificare

232 1842 528 1886 instituerat
562 1855 778 1902 eamque
811 1842 994 1885 ceteris
1026 1842 1234 1886 remotis
1267 1846 1535 1886 tenentem
1568 1843 1733 1887 iurare

232 1909 379 1953 iussit
406 1923 684 1969 numquam
713 1922 796 1952 me
832 1909 882 1952 in
922 1909 1144 1953 amicitia
1179 1923 1295 1953 cum
1331 1907 1570 1954 Romanis
1606 1906 1730 1954 fore.

181 1982 206 2019 5
233 1973 293 2020 Id
341 1990 436 2037 ego
483 1974 831 2020 iusiurandum
877 1977 1011 2036 patri
1058 1974 1237 2020 datum
1283 1990 1444 2036 usque
1492 1975 1556 2022 ad
1601 1973 1732 2022 hanc

235 2048 464 2088 aetatem
481 2045 555 2087 ita
573 2043 880 2097 conservavi,
899 2048 958 2087 ut
974 2044 1165 2087 nemini
1185 2041 1395 2088 dubium
1415 2057 1524 2088 esse
1543 2041 1732 2089 debeat

235 2111 356 2171 quin
402 2108 596 2171 reliquo
644 2115 875 2171 tempore
924 2109 1105 2155 eadem
1150 2115 1326 2155 mente
1373 2111 1467 2155 sim
1513 2107 1729 2156 futurus.

239 2238 570 2327 MilS'SCOHUPtUS
600 2262 612 2275 .
643 2264 654 2275 .
685 2264 697 2275 .
727 2235 923 2281 sentiret,
946 2233 1126 2281 Rosiu33
1152 2238 1409 2285 corruptum
1437 2264 1447 2274 .
1480 2264 1490 2275 .
1522 2264 1532 2275 .
1553 2235 1729 2281 sentire,

494 2436 510 2460 1
540 2435 683 2487 Philip
704 2435 754 2482 V,
779 2435 824 2474 of
842 2435 1053 2474 Macedon
1075 2436 1284 2485 (220-179
1305 2437 1423 2484 13.c.).

491 2490 507 2514 2
536 2489 666 2528 From
683 2491 765 2528 215
781 2493 828 2528 to
846 2491 927 2529 205
946 2500 1031 2529 ΒΩ.

490 2543 506 2567 ³
536 2543 626 2582 The
647 2543 823 2582 Persian
844 2542 958 2582 Gulf.
1249 2542 1267 2567 ⁴
1298 2543 1376 2581 192
1396 2553 1480 2583 B.c.

241 2600 332 2648 626
