1802 2942
660 200 1055 249 CORNELIUS
1100 199 1321 248 NEPOS

236 330 499 378 Alcibiade
529 335 756 391 recepto,
787 328 971 374 nullius
1002 331 1251 374 momenti
1282 327 1419 390 apud
1450 331 1732 375 exercitum

236 409 466 455 futurum
498 414 568 462 et,
600 410 641 453 si
672 406 795 469 quid
825 405 1034 452 secundi
1066 409 1337 461 evenisset,
1367 404 1558 451 nullam
1587 409 1640 451 in
1671 422 1733 452 ea

236 504 290 533 re
316 503 460 532 suam
484 491 686 547 partem
710 482 836 539 fore,
862 490 1039 529 contra
1065 499 1143 538 ea,
1169 486 1210 529 si
1236 482 1358 545 quid
1384 482 1582 529 adversi
1608 486 1734 529 acci-

183 575 210 612 5
236 565 410 618 disset,
439 579 491 609 se
520 578 679 608 unum
708 564 813 607 eius
843 560 1016 607 delicti
1042 559 1273 606 futurum
1299 576 1459 606 reum.
1529 560 1611 607 Ab
1638 559 1734 607 hoc

237 641 519 695 discedens,
541 639 830 686 Alcibiades
854 637 881 654 “
907 636 1212 696 Quoniam,''
1235 640 1419 701 inquit,
1441 636 1470 653 “
1494 640 1734 684 victoriae

237 723 434 783 patriae
476 733 750 780 repugnas,
791 715 915 762 illud
956 732 1158 771 moneo,
1200 715 1305 761 ne1
1347 718 1493 761 iuxta
1533 715 1736 762 hostem

237 804 403 844 castra
453 795 643 841 habeas
695 797 928 847 nautica3
998 792 1281 855 periculum
1333 799 1412 839 est
1464 796 1618 848 enim,
1670 809 1736 840 ne

240 874 563 921 immodestia
578 871 799 918 militum
817 878 1101 917 vestrorum
1121 871 1139 899 2
1159 873 1353 916 occasio
1372 870 1524 917 detur
1544 870 1738 934 Lysan-

186 962 211 1000 6
236 953 325 999 dro
372 954 527 997 vestri
573 949 892 1012 opprimendi
940 947 1246 994 exercitus.''
1319 947 1501 1011 Neque
1549 964 1612 994 ea
1655 965 1736 994 res

238 1031 379 1076 illum
411 1027 622 1082 fefellit3
673 1043 792 1072 nam
826 1025 1090 1089 Lysander
1122 1042 1237 1072 cum
1269 1042 1361 1088 per
1393 1025 1737 1088 speculatores

236 1110 569 1169 comperisset
591 1104 799 1168 vulgum
822 1103 1216 1150 Atheniensium
1238 1106 1291 1149 in
1313 1110 1504 1149 terram
1524 1103 1738 1165 praeda-

239 1194 350 1232 tum
385 1187 548 1231 exisse
580 1198 838 1244 navesque
870 1197 1037 1243 paene
1069 1184 1245 1227 inanes
1278 1180 1499 1237 relictas,
1531 1188 1737 1244 tempus

239 1267 312 1310 rei
334 1262 590 1325 gerendae
613 1277 715 1306 non
737 1260 928 1306 dimisit
950 1275 1113 1322 eoque
1135 1262 1335 1321 impetu
1355 1258 1547 1305 bellum
1567 1266 1738 1306 totum

239 1340 445 1388 delevit.

302 1417 352 1468 9.
389 1418 461 1463 At
501 1415 808 1470 Alcibiades,
841 1417 984 1461 victis
1026 1413 1427 1461 Atheniensibus
1468 1431 1571 1461 non
1610 1417 1734 1462 satis

239 1503 355 1543 tuta
382 1495 563 1541 eadem
587 1493 697 1540 loca
722 1493 816 1538 sibi
842 1493 1109 1547 arbitrans,
1135 1495 1340 1554 penitus
1364 1495 1417 1538 in
1441 1491 1739 1539 Thraeciam

239 1591 295 1621 se
329 1589 480 1635 supra
514 1571 879 1633 Propontidem
912 1570 1126 1625 abdidit,
1160 1586 1368 1631 sperans
1400 1570 1471 1616 ibi
1502 1568 1739 1617 facillime

188 1660 214 1697 2
239 1668 383 1699 suam
401 1650 659 1696 fortunam
678 1648 836 1695 occuli
854 1664 1017 1710 posse.
1089 1646 1250 1694 Falso.
1320 1647 1453 1693 Nam
1469 1646 1739 1705 Thraeces,

240 1737 514 1792 postquam
552 1743 669 1772 eum
705 1743 821 1773 cum
857 1742 1046 1789 magna
1081 1727 1299 1787 pecunia
1335 1727 1532 1772 venisse
1569 1741 1741 1772 sense-

241 1814 379 1862 runt,
404 1805 608 1851 insidias
634 1803 869 1850 fecerunt
893 1807 981 1865 qui
1006 1820 1066 1850 ea
1092 1818 1223 1865 quae
1251 1809 1548 1865 apportarat
1568 1804 1740 1850 abstu-

188 1894 216 1934 3
240 1885 427 1939 lerunt,
461 1887 628 1944 ipsum
663 1897 845 1943 capere
880 1897 982 1927 non
1015 1887 1312 1942 potuerunt.
1382 1879 1492 1936 Ille,
1527 1897 1738 1928 cernens

243 1962 437 2009 nullum
466 1960 633 2006 locum
664 1960 758 2005 sibi
789 1965 962 2005 tutum
992 1961 1044 2003 in
1076 1957 1291 2004 Graecia
1320 1965 1530 2020 propter
1558 1965 1740 2021 poten-

241 2043 369 2087 tiam
402 2038 939 2092 Lacedaemoniorum,
971 2035 1036 2082 ad
1067 2034 1453 2082 Pharnabazum
1481 2038 1534 2082 in
1563 2036 1740 2083 Asiam

242 2120 461 2172 transiit,
486 2132 639 2178 quem
663 2114 869 2177 quidem
894 2113 1021 2160 adeo
1045 2129 1136 2159 sua
1158 2116 1296 2175 cepit
1317 2112 1658 2170 humanitate,
1679 2121 1740 2161 ut

244 2211 363 2242 eum
412 2210 563 2239 nemo
613 2195 665 2238 in
716 2194 939 2238 amicitia
989 2190 1336 2237 antecederet.
1405 2190 1641 2254 Namque
1691 2195 1739 2238 ei

245 2272 495 2335 Grynium
550 2269 783 2324 dederat,
837 2272 889 2315 in
945 2267 1168 2331 Phrygia
1221 2274 1462 2324 castrum,
1517 2284 1582 2315 ex
1637 2285 1738 2332 quo

242 2353 606 2413 quinquagena
630 2346 828 2394 talenta
852 2345 1113 2409 vectigalis
1138 2345 1390 2407 capiebat.

309 2457 324 2481 1
349 2470 416 2501 ne,
433 2455 563 2495 added
579 2455 630 2505 by
646 2454 905 2500 Ridenauer3
939 2452 1104 2492 omitted
1120 2452 1167 2491 in
1184 2451 1318 2491 MSS.

300 2510 316 2534 2
345 2514 587 2549 vestrorum
618 2539 627 2548 .
661 2539 670 2548 .
703 2539 713 2548 .
744 2508 892 2553 vestri,
932 2507 1044 2546 Dan.
1074 2505 1166 2546 PA
1188 2511 1316 2556 θπμ;
1361 2509 1608 2546 nostrorum
1639 2536 1649 2546 .
1681 2536 1692 2547 .
1723 2535 1735 2547 .

243 2564 381 2603 nostri
402 2566 664 2611 (nostrorum
685 2562 891 2607 militum,
912 2560 983 2610 R),
1004 2559 1067 2600 the
1087 2559 1196 2600 other
1216 2560 1269 2599 M
1270 2558 1349 2600 SS.

246 2646 336 2692 452
