<?xml version="1.0" encoding="UTF-8"?>
<!DOCTYPE html PUBLIC "-//W3C//DTD XHTML 1.0 Transitional//EN"
    "http://www.w3.org/TR/xhtml1/DTD/xhtml1-transitional.dtd">
<html xmlns="http://www.w3.org/1999/xhtml" xml:lang="en" lang="en">
 <head>
  <title>
</title>
<meta http-equiv="Content-Type" content="text/html;charset=utf-8" />
  <meta name='ocr-system' content='tesseract 3.04.00' />
  <meta name='ocr-capabilities' content='ocr_page ocr_carea ocr_par ocr_line ocrx_word'/>
</head>
<body>
  <div class='ocr_page' id='page_1' title='image "./lannaeifloriquae00floruoft_0026.png"; bbox 0 0 1747 2912; ppageno 0'>
   <div class='ocr_carea' id='block_1_1' title="bbox 456 188 1213 236">
    <p class='ocr_par' dir='ltr' id='par_1_1' title="bbox 456 188 1213 236">
     <span class='ocr_line' id='line_1_1' title="bbox 456 188 1213 236; baseline 0.003 -3"><span class='ocrx_word' id='word_1_1' title='bbox 456 188 510 235; x_wconf 92' lang='lat' dir='ltr'>L.</span> <span class='ocrx_word' id='word_1_2' title='bbox 558 188 890 236; x_wconf 91' lang='lat' dir='ltr'><strong>ANNAEUS</strong></span> <span class='ocrx_word' id='word_1_3' title='bbox 942 188 1213 236; x_wconf 88' lang='lat' dir='ltr'>FLORUS</span> 
     </span>
    </p>
   </div>
   <div class='ocr_carea' id='block_1_2' title="bbox 85 317 1633 2168">
    <p class='ocr_par' dir='ltr' id='par_1_2' title="bbox 144 317 1625 379">
     <span class='ocr_line' id='line_1_2' title="bbox 144 317 1625 379; baseline 0.001 -16"><span class='ocrx_word' id='word_1_4' title='bbox 144 321 338 379; x_wconf 88' lang='lat' dir='ltr'>perium</span> <span class='ocrx_word' id='word_1_5' title='bbox 387 318 708 365; x_wconf 83' lang='lat' dir='ltr'>contendisse</span> <span class='ocrx_word' id='word_1_6' title='bbox 759 319 927 364; x_wconf 79' lang='lat' dir='ltr'><strong>Virtus</strong></span> <span class='ocrx_word' id='word_1_7' title='bbox 976 325 1029 365; x_wconf 91' lang='lat' dir='ltr'>et</span> <span class='ocrx_word' id='word_1_8' title='bbox 1080 318 1300 365; x_wconf 81' lang='lat' dir='ltr'><strong>Fortuna</strong></span> <span class='ocrx_word' id='word_1_9' title='bbox 1345 317 1625 365; x_wconf 86' lang='lat' dir='ltr'>videantur.</span> 
     </span>
    </p>

    <p class='ocr_par' dir='ltr' id='par_1_3' title="bbox 87 393 1631 974">
     <span class='ocr_line' id='line_1_3' title="bbox 87 393 1629 457; baseline 0 -17"><span class='ocrx_word' id='word_1_10' title='bbox 87 401 112 440; x_wconf 90' lang='lat'><strong>3</strong></span> <span class='ocrx_word' id='word_1_11' title='bbox 149 393 262 451; x_wconf 82' lang='lat' dir='ltr'>Qua</span> <span class='ocrx_word' id='word_1_12' title='bbox 310 410 363 440; x_wconf 87' lang='lat' dir='ltr'>re</span> <span class='ocrx_word' id='word_1_13' title='bbox 413 411 544 451; x_wconf 91' lang='lat' dir='ltr'>cum,</span> <span class='ocrx_word' id='word_1_14' title='bbox 581 397 621 440; x_wconf 89' lang='lat' dir='ltr'>si</span> <span class='ocrx_word' id='word_1_15' title='bbox 677 394 798 456; x_wconf 91' lang='lat' dir='ltr'>quid</span> <span class='ocrx_word' id='word_1_16' title='bbox 858 393 1011 450; x_wconf 91' lang='lat' dir='ltr'>aliud,</span> <span class='ocrx_word' id='word_1_17' title='bbox 1048 393 1142 439; x_wconf 90' lang='lat' dir='ltr'>hoc</span> <span class='ocrx_word' id='word_1_18' title='bbox 1189 409 1389 457; x_wconf 90' lang='lat' dir='ltr'>quoque</span> <span class='ocrx_word' id='word_1_19' title='bbox 1447 410 1629 456; x_wconf 87' lang='lat' dir='ltr'><strong>operae</strong></span> 
     </span>
     <span class='ocr_line' id='line_1_4' title="bbox 143 468 1630 531; baseline 0 -17"><span class='ocrx_word' id='word_1_20' title='bbox 143 472 362 530; x_wconf 89' lang='lat' dir='ltr'>pretium</span> <span class='ocrx_word' id='word_1_21' title='bbox 396 472 460 514; x_wconf 91' lang='lat' dir='ltr'>sit</span> <span class='ocrx_word' id='word_1_22' title='bbox 492 484 813 530; x_wconf 84' lang='lat' dir='ltr'>cognoscere,</span> <span class='ocrx_word' id='word_1_23' title='bbox 846 474 1019 514; x_wconf 87' lang='lat' dir='ltr'>tamen</span> <span class='ocrx_word' id='word_1_24' title='bbox 1053 472 1169 531; x_wconf 91' lang='lat' dir='ltr'>quia</span> <span class='ocrx_word' id='word_1_25' title='bbox 1202 472 1308 530; x_wconf 87' lang='lat' dir='ltr'>ipsa</span> <span class='ocrx_word' id='word_1_26' title='bbox 1338 468 1430 514; x_wconf 87' lang='lat' dir='ltr'>sibi</span> <span class='ocrx_word' id='word_1_27' title='bbox 1462 469 1630 514; x_wconf 82' lang='lat' dir='ltr'><strong>obstat</strong></span> 
     </span>
     <span class='ocr_line' id='line_1_5' title="bbox 141 542 1630 605; baseline 0.001 -18"><span class='ocrx_word' id='word_1_28' title='bbox 141 542 437 604; x_wconf 78' lang='lat' dir='ltr'>magnitudo</span> <span class='ocrx_word' id='word_1_29' title='bbox 484 559 752 605; x_wconf 86' lang='lat' dir='ltr'>rerumque</span> <span class='ocrx_word' id='word_1_30' title='bbox 812 542 1073 589; x_wconf 89' lang='lat' dir='ltr'>diversitas</span> <span class='ocrx_word' id='word_1_31' title='bbox 1122 546 1281 589; x_wconf 86' lang='lat' dir='ltr'>aciem</span> <span class='ocrx_word' id='word_1_32' title='bbox 1329 545 1630 588; x_wconf 88' lang='lat' dir='ltr'>intentionis</span> 
     </span>
     <span class='ocr_line' id='line_1_6' title="bbox 141 616 1630 679; baseline 0.001 -18"><span class='ocrx_word' id='word_1_33' title='bbox 141 617 411 678; x_wconf 81' lang='lat' dir='ltr'>abrumpit,</span> <span class='ocrx_word' id='word_1_34' title='bbox 453 616 631 662; x_wconf 87' lang='lat' dir='ltr'>faciam</span> <span class='ocrx_word' id='word_1_35' title='bbox 679 616 813 679; x_wconf 94' lang='lat' dir='ltr'>quod</span> <span class='ocrx_word' id='word_1_36' title='bbox 861 616 1040 673; x_wconf 85' lang='lat' dir='ltr'>solent,</span> <span class='ocrx_word' id='word_1_37' title='bbox 1081 620 1166 679; x_wconf 92' lang='lat' dir='ltr'>qui</span> <span class='ocrx_word' id='word_1_38' title='bbox 1213 622 1460 662; x_wconf 88' lang='lat' dir='ltr'>terrarum</span> <span class='ocrx_word' id='word_1_39' title='bbox 1507 618 1630 663; x_wconf 91' lang='lat' dir='ltr'>situs</span> 
     </span>
     <span class='ocr_line' id='line_1_7' title="bbox 141 689 1631 753; baseline 0 -18"><span class='ocrx_word' id='word_1_40' title='bbox 141 694 389 752; x_wconf 82' lang='lat' dir='ltr'>pingunt:</span> <span class='ocrx_word' id='word_1_41' title='bbox 424 694 475 736; x_wconf 91' lang='lat' dir='ltr'>in</span> <span class='ocrx_word' id='word_1_42' title='bbox 501 691 639 737; x_wconf 92' lang='lat' dir='ltr'>brevi</span> <span class='ocrx_word' id='word_1_43' title='bbox 664 694 804 753; x_wconf 88' lang='lat' dir='ltr'>quasi</span> <span class='ocrx_word' id='word_1_44' title='bbox 829 689 1017 736; x_wconf 88' lang='lat' dir='ltr'>tabella</span> <span class='ocrx_word' id='word_1_45' title='bbox 1042 696 1201 736; x_wconf 87' lang='lat' dir='ltr'>totam</span> <span class='ocrx_word' id='word_1_46' title='bbox 1229 693 1334 736; x_wconf 93' lang='lat' dir='ltr'>eius</span> <span class='ocrx_word' id='word_1_47' title='bbox 1358 692 1631 751; x_wconf 87' lang='lat' dir='ltr'>imaginem</span> 
     </span>
     <span class='ocr_line' id='line_1_8' title="bbox 144 764 1631 827; baseline 0 -17"><span class='ocrx_word' id='word_1_48' title='bbox 144 765 432 827; x_wconf 86' lang='lat' dir='ltr'>amplectar,</span> <span class='ocrx_word' id='word_1_49' title='bbox 482 782 584 811; x_wconf 90' lang='lat' dir='ltr'>non</span> <span class='ocrx_word' id='word_1_50' title='bbox 631 765 775 822; x_wconf 90' lang='lat' dir='ltr'>nihil,</span> <span class='ocrx_word' id='word_1_51' title='bbox 823 772 881 811; x_wconf 89' lang='lat' dir='ltr'>ut</span> <span class='ocrx_word' id='word_1_52' title='bbox 928 782 1089 827; x_wconf 87' lang='lat' dir='ltr'>spero,</span> <span class='ocrx_word' id='word_1_53' title='bbox 1136 764 1200 810; x_wconf 92' lang='lat' dir='ltr'>ad</span> <span class='ocrx_word' id='word_1_54' title='bbox 1247 764 1631 811; x_wconf 88' lang='lat' dir='ltr'>admirationem</span> 
     </span>
     <span class='ocr_line' id='line_1_9' title="bbox 144 836 1628 901; baseline 0 -18"><span class='ocrx_word' id='word_1_55' title='bbox 144 842 382 901; x_wconf 91' lang='lat' dir='ltr'>principis</span> <span class='ocrx_word' id='word_1_56' title='bbox 406 839 580 901; x_wconf 90' lang='lat' dir='ltr'>populi</span> <span class='ocrx_word' id='word_1_57' title='bbox 613 839 919 896; x_wconf 87' lang='lat' dir='ltr'>conlaturus,</span> <span class='ocrx_word' id='word_1_58' title='bbox 945 842 985 885; x_wconf 90' lang='lat' dir='ltr'>si</span> <span class='ocrx_word' id='word_1_59' title='bbox 1011 842 1198 900; x_wconf 88' lang='lat' dir='ltr'>pariter</span> <span class='ocrx_word' id='word_1_60' title='bbox 1229 845 1383 901; x_wconf 91' lang='lat' dir='ltr'>atque</span> <span class='ocrx_word' id='word_1_61' title='bbox 1416 836 1628 884; x_wconf 88' lang='lat' dir='ltr'>insemel</span> 
     </span>
     <span class='ocr_line' id='line_1_10' title="bbox 142 912 1292 974; baseline 0 -16"><span class='ocrx_word' id='word_1_62' title='bbox 142 917 422 959; x_wconf 87' lang='lat' dir='ltr'>universam</span> <span class='ocrx_word' id='word_1_63' title='bbox 448 913 852 974; x_wconf 86' lang='lat' dir='ltr'>magnitudinem</span> <span class='ocrx_word' id='word_1_64' title='bbox 879 916 984 959; x_wconf 90' lang='lat' dir='ltr'>eius</span> <span class='ocrx_word' id='word_1_65' title='bbox 1009 912 1292 959; x_wconf 88' lang='lat' dir='ltr'>ostendero.</span> 
     </span>
    </p>

    <p class='ocr_par' dir='ltr' id='par_1_4' title="bbox 87 987 1633 1348">
     <span class='ocr_line' id='line_1_11' title="bbox 87 987 1630 1050; baseline 0 -18"><span class='ocrx_word' id='word_1_66' title='bbox 87 996 111 1032; x_wconf 87' lang='lat'>4</span> <span class='ocrx_word' id='word_1_67' title='bbox 208 987 260 1034; x_wconf 92' lang='lat' dir='ltr'>Si</span> <span class='ocrx_word' id='word_1_68' title='bbox 307 991 416 1050; x_wconf 93' lang='lat' dir='ltr'>quis</span> <span class='ocrx_word' id='word_1_69' title='bbox 474 1004 594 1050; x_wconf 84' lang='lat' dir='ltr'>ergo</span> <span class='ocrx_word' id='word_1_70' title='bbox 643 987 884 1050; x_wconf 89' lang='lat' dir='ltr'>populum</span> <span class='ocrx_word' id='word_1_71' title='bbox 946 987 1224 1033; x_wconf 88' lang='lat' dir='ltr'>Romanum</span> <span class='ocrx_word' id='word_1_72' title='bbox 1272 990 1413 1049; x_wconf 86' lang='lat' dir='ltr'>quasi</span> <span class='ocrx_word' id='word_1_73' title='bbox 1472 1003 1630 1033; x_wconf 91' lang='lat' dir='ltr'>unum</span> 
     </span>
     <span class='ocr_line' id='line_1_12' title="bbox 143 1062 1630 1125; baseline -0.001 -18"><span class='ocrx_word' id='word_1_74' title='bbox 143 1062 398 1109; x_wconf 88' lang='lat' dir='ltr'>hominem</span> <span class='ocrx_word' id='word_1_75' title='bbox 440 1062 726 1109; x_wconf 85' lang='lat' dir='ltr'>consideret</span> <span class='ocrx_word' id='word_1_76' title='bbox 773 1069 1033 1125; x_wconf 84' lang='lat' dir='ltr'>totamque</span> <span class='ocrx_word' id='word_1_77' title='bbox 1081 1065 1187 1108; x_wconf 89' lang='lat' dir='ltr'>eius</span> <span class='ocrx_word' id='word_1_78' title='bbox 1246 1068 1468 1108; x_wconf 88' lang='lat' dir='ltr'>aetatem</span> <span class='ocrx_word' id='word_1_79' title='bbox 1516 1077 1630 1124; x_wconf 90' lang='lat' dir='ltr'>per-</span> 
     </span>
     <span class='ocr_line' id='line_1_13' title="bbox 142 1134 1632 1199; baseline -0.001 -18"><span class='ocrx_word' id='word_1_80' title='bbox 142 1142 363 1194; x_wconf 86' lang='lat' dir='ltr'>censeat,</span> <span class='ocrx_word' id='word_1_81' title='bbox 398 1143 455 1183; x_wconf 90' lang='lat' dir='ltr'>ut</span> <span class='ocrx_word' id='word_1_82' title='bbox 490 1140 715 1198; x_wconf 89' lang='lat' dir='ltr'>coeperit</span> <span class='ocrx_word' id='word_1_83' title='bbox 763 1142 920 1199; x_wconf 91' lang='lat' dir='ltr'>utque</span> <span class='ocrx_word' id='word_1_84' title='bbox 957 1135 1252 1193; x_wconf 87' lang='lat' dir='ltr'>adoleverit,</span> <span class='ocrx_word' id='word_1_85' title='bbox 1288 1142 1346 1181; x_wconf 92' lang='lat' dir='ltr'>ut</span> <span class='ocrx_word' id='word_1_86' title='bbox 1388 1138 1529 1198; x_wconf 88' lang='lat' dir='ltr'>quasi</span> <span class='ocrx_word' id='word_1_87' title='bbox 1567 1134 1632 1181; x_wconf 90' lang='lat' dir='ltr'>ad</span> 
     </span>
     <span class='ocr_line' id='line_1_14' title="bbox 143 1210 1633 1273; baseline 0.001 -18"><span class='ocrx_word' id='word_1_88' title='bbox 143 1210 394 1273; x_wconf 90' lang='lat' dir='ltr'>quandam</span> <span class='ocrx_word' id='word_1_89' title='bbox 440 1214 677 1258; x_wconf 86' lang='lat' dir='ltr'>iuventae</span> <span class='ocrx_word' id='word_1_90' title='bbox 737 1210 933 1272; x_wconf 87' lang='lat' dir='ltr'>frugem</span> <span class='ocrx_word' id='word_1_91' title='bbox 983 1213 1293 1273; x_wconf 87' lang='lat' dir='ltr'>pervenerit,</span> <span class='ocrx_word' id='word_1_92' title='bbox 1341 1216 1400 1256; x_wconf 91' lang='lat' dir='ltr'>ut</span> <span class='ocrx_word' id='word_1_93' title='bbox 1457 1215 1633 1272; x_wconf 85' lang='lat' dir='ltr'>postea</span> 
     </span>
     <span class='ocr_line' id='line_1_15' title="bbox 141 1285 1632 1348; baseline 0.001 -18"><span class='ocrx_word' id='word_1_94' title='bbox 141 1285 281 1331; x_wconf 92' lang='lat' dir='ltr'>velut</span> <span class='ocrx_word' id='word_1_95' title='bbox 339 1289 677 1342; x_wconf 87' lang='lat' dir='ltr'>consenuerit,</span> <span class='ocrx_word' id='word_1_96' title='bbox 736 1292 974 1348; x_wconf 81' lang='lat' dir='ltr'>quattuor</span> <span class='ocrx_word' id='word_1_97' title='bbox 1033 1285 1216 1348; x_wconf 89' lang='lat' dir='ltr'>gradus</span> <span class='ocrx_word' id='word_1_98' title='bbox 1273 1300 1632 1348; x_wconf 89' lang='lat' dir='ltr'>processusque</span> 
     </span>
    </p>

    <p class='ocr_par' dir='ltr' id='par_1_5' title="bbox 85 1358 1632 1557">
     <span class='ocr_line' id='line_1_16' title="bbox 85 1358 1631 1422; baseline 0.001 -18"><span class='ocrx_word' id='word_1_99' title='bbox 85 1367 109 1404; x_wconf 90' lang='lat'>5</span> <span class='ocrx_word' id='word_1_100' title='bbox 141 1362 245 1405; x_wconf 91' lang='lat' dir='ltr'>eius</span> <span class='ocrx_word' id='word_1_101' title='bbox 275 1363 514 1406; x_wconf 89' lang='lat' dir='ltr'>inveniet.</span> <span class='ocrx_word' id='word_1_102' title='bbox 591 1360 754 1406; x_wconf 86' lang='lat' dir='ltr'>Prima</span> <span class='ocrx_word' id='word_1_103' title='bbox 787 1359 961 1406; x_wconf 84' lang='lat' dir='ltr'>aetas1</span> <span class='ocrx_word' id='word_1_104' title='bbox 995 1360 1087 1406; x_wconf 87' lang='lat' dir='ltr'>sub</span> <span class='ocrx_word' id='word_1_105' title='bbox 1113 1360 1315 1421; x_wconf 90' lang='lat' dir='ltr'>regibus</span> <span class='ocrx_word' id='word_1_106' title='bbox 1348 1358 1446 1405; x_wconf 87' lang='lat' dir='ltr'>fuit</span> <span class='ocrx_word' id='word_1_107' title='bbox 1476 1375 1631 1422; x_wconf 89' lang='lat' dir='ltr'>prope</span> 
     </span>
     <span class='ocr_line' id='line_1_17' title="bbox 141 1435 1632 1498; baseline 0.001 -18"><span class='ocrx_word' id='word_1_108' title='bbox 141 1452 231 1497; x_wconf 90' lang='lat' dir='ltr'>per</span> <span class='ocrx_word' id='word_1_109' title='bbox 249 1452 406 1481; x_wconf 88' lang='lat' dir='ltr'>annos</span> <span class='ocrx_word' id='word_1_110' title='bbox 431 1435 845 1498; x_wconf 86' lang='lat' dir='ltr'>quadringentos,</span> <span class='ocrx_word' id='word_1_111' title='bbox 865 1437 1046 1498; x_wconf 92' lang='lat' dir='ltr'>quibus</span> <span class='ocrx_word' id='word_1_112' title='bbox 1062 1439 1249 1481; x_wconf 88' lang='lat' dir='ltr'>circum</span> <span class='ocrx_word' id='word_1_113' title='bbox 1274 1436 1449 1482; x_wconf 90' lang='lat' dir='ltr'>urbem</span> <span class='ocrx_word' id='word_1_114' title='bbox 1474 1439 1632 1497; x_wconf 91' lang='lat' dir='ltr'>ipsam</span> 
     </span>
     <span class='ocr_line' id='line_1_18' title="bbox 142 1508 1627 1557; baseline 0.001 -2"><span class='ocrx_word' id='word_1_115' title='bbox 142 1526 254 1555; x_wconf 91' lang='lat' dir='ltr'>cum</span> <span class='ocrx_word' id='word_1_116' title='bbox 289 1509 512 1556; x_wconf 88' lang='lat' dir='ltr'>finitimis</span> <span class='ocrx_word' id='word_1_117' title='bbox 544 1509 764 1557; x_wconf 87' lang='lat' dir='ltr'>luctatus</span> <span class='ocrx_word' id='word_1_118' title='bbox 794 1516 885 1556; x_wconf 88' lang='lat' dir='ltr'>est.</span> <span class='ocrx_word' id='word_1_119' title='bbox 962 1510 1106 1556; x_wconf 89' lang='lat' dir='ltr'>Haec</span> <span class='ocrx_word' id='word_1_120' title='bbox 1139 1512 1236 1556; x_wconf 87' lang='lat' dir='ltr'>erit</span> <span class='ocrx_word' id='word_1_121' title='bbox 1265 1513 1370 1556; x_wconf 90' lang='lat' dir='ltr'>eius</span> <span class='ocrx_word' id='word_1_122' title='bbox 1403 1508 1627 1556; x_wconf 84' lang='lat' dir='ltr'>infantia.</span> 
     </span>
    </p>

    <p class='ocr_par' dir='ltr' id='par_1_6' title="bbox 87 1583 1632 1869">
     <span class='ocr_line' id='line_1_19' title="bbox 87 1583 1630 1646; baseline 0 -17"><span class='ocrx_word' id='word_1_123' title='bbox 87 1590 111 1628; x_wconf 89' lang='grc'>6</span> <span class='ocrx_word' id='word_1_124' title='bbox 142 1583 369 1646; x_wconf 90' lang='lat' dir='ltr'>Sequens</span> <span class='ocrx_word' id='word_1_125' title='bbox 395 1601 422 1629; x_wconf 89' lang='lat' dir='ltr'>a</span> <span class='ocrx_word' id='word_1_126' title='bbox 453 1584 609 1631; x_wconf 90' lang='lat' dir='ltr'>Bruto</span> <span class='ocrx_word' id='word_1_127' title='bbox 642 1584 990 1646; x_wconf 88' lang='lat' dir='ltr'>Collatinoque</span> <span class='ocrx_word' id='word_1_128' title='bbox 1017 1584 1302 1630; x_wconf 89' lang='lat' dir='ltr'>consulibus</span> <span class='ocrx_word' id='word_1_129' title='bbox 1328 1588 1380 1629; x_wconf 92' lang='lat' dir='ltr'>in</span> <span class='ocrx_word' id='word_1_130' title='bbox 1409 1584 1630 1646; x_wconf 89' lang='lat' dir='ltr'>Appium</span> 
     </span>
     <span class='ocr_line' id='line_1_20' title="bbox 144 1657 1632 1720; baseline 0 -18"><span class='ocrx_word' id='word_1_131' title='bbox 144 1657 406 1704; x_wconf 90' lang='lat' dir='ltr'>Claudium</span> <span class='ocrx_word' id='word_1_132' title='bbox 441 1657 689 1715; x_wconf 83' lang='lat' dir='ltr'>Quintum</span> <span class='ocrx_word' id='word_1_133' title='bbox 728 1658 958 1704; x_wconf 90' lang='lat' dir='ltr'>Fulvium</span> <span class='ocrx_word' id='word_1_134' title='bbox 992 1658 1220 1704; x_wconf 88' lang='lat' dir='ltr'>consules</span> <span class='ocrx_word' id='word_1_135' title='bbox 1254 1664 1461 1704; x_wconf 87' lang='lat' dir='ltr'>centum</span> <span class='ocrx_word' id='word_1_136' title='bbox 1493 1661 1632 1720; x_wconf 90' lang='lat' dir='ltr'>quin-</span> 
     </span>
     <span class='ocr_line' id='line_1_21' title="bbox 141 1732 1631 1795; baseline -0.001 -17"><span class='ocrx_word' id='word_1_137' title='bbox 141 1736 382 1794; x_wconf 83' lang='lat' dir='ltr'>quaginta</span> <span class='ocrx_word' id='word_1_138' title='bbox 418 1736 561 1778; x_wconf 89' lang='lat' dir='ltr'>annis</span> <span class='ocrx_word' id='word_1_139' title='bbox 599 1739 757 1795; x_wconf 88' lang='lat' dir='ltr'>patet,</span> <span class='ocrx_word' id='word_1_140' title='bbox 783 1733 963 1795; x_wconf 90' lang='lat' dir='ltr'>quibus</span> <span class='ocrx_word' id='word_1_141' title='bbox 996 1732 1195 1779; x_wconf 90' lang='lat' dir='ltr'>Italiam</span> <span class='ocrx_word' id='word_1_142' title='bbox 1226 1733 1442 1795; x_wconf 85' lang='lat' dir='ltr'>subegit.</span> <span class='ocrx_word' id='word_1_143' title='bbox 1519 1733 1631 1778; x_wconf 91' lang='lat' dir='ltr'>Hoc</span> 
     </span>
     <span class='ocr_line' id='line_1_22' title="bbox 140 1806 1630 1869; baseline 0.001 -19"><span class='ocrx_word' id='word_1_144' title='bbox 140 1806 238 1851; x_wconf 86' lang='lat' dir='ltr'>fuit</span> <span class='ocrx_word' id='word_1_145' title='bbox 298 1813 498 1868; x_wconf 89' lang='lat' dir='ltr'>tempus</span> <span class='ocrx_word' id='word_1_146' title='bbox 554 1810 669 1852; x_wconf 87' lang='lat' dir='ltr'>viris</span> <span class='ocrx_word' id='word_1_147' title='bbox 733 1810 882 1852; x_wconf 87' lang='lat' dir='ltr'>armis</span> <span class='ocrx_word' id='word_1_148' title='bbox 939 1810 1361 1863; x_wconf 88' lang='lat' dir='ltr'>incitatissimum,</span> <span class='ocrx_word' id='word_1_149' title='bbox 1415 1806 1630 1869; x_wconf 89' lang='lat' dir='ltr'>ideoque</span> 
     </span>
    </p>

    <p class='ocr_par' dir='ltr' id='par_1_7' title="bbox 89 1880 1630 2092">
     <span class='ocr_line' id='line_1_23' title="bbox 89 1880 1628 1943; baseline -0.001 -16"><span class='ocrx_word' id='word_1_150' title='bbox 89 1888 111 1927; x_wconf 92' lang='lat'><strong>7</strong></span> <span class='ocrx_word' id='word_1_151' title='bbox 143 1884 252 1942; x_wconf 86' lang='lat' dir='ltr'>quis</span> <span class='ocrx_word' id='word_1_152' title='bbox 288 1880 682 1927; x_wconf 90' lang='lat' dir='ltr'>adulescentiam</span> <span class='ocrx_word' id='word_1_153' title='bbox 720 1880 918 1927; x_wconf 86' lang='lat' dir='ltr'>dixerit.</span> <span class='ocrx_word' id='word_1_154' title='bbox 994 1881 1248 1943; x_wconf 90' lang='lat' dir='ltr'>Deinceps</span> <span class='ocrx_word' id='word_1_155' title='bbox 1278 1881 1341 1927; x_wconf 89' lang='lat' dir='ltr'>ad</span> <span class='ocrx_word' id='word_1_156' title='bbox 1368 1880 1628 1927; x_wconf 87' lang='lat' dir='ltr'>Caesarem</span> 
     </span>
     <span class='ocr_line' id='line_1_24' title="bbox 142 1955 1630 2018; baseline 0.001 -19"><span class='ocrx_word' id='word_1_157' title='bbox 142 1956 427 2016; x_wconf 88' lang='lat' dir='ltr'>Augustum</span> <span class='ocrx_word' id='word_1_158' title='bbox 488 1962 693 2001; x_wconf 89' lang='lat' dir='ltr'>centum</span> <span class='ocrx_word' id='word_1_159' title='bbox 743 1962 796 2002; x_wconf 88' lang='lat' dir='ltr'>et</span> <span class='ocrx_word' id='word_1_160' title='bbox 854 1958 1221 2018; x_wconf 86' lang='lat' dir='ltr'>quinquaginta</span> <span class='ocrx_word' id='word_1_161' title='bbox 1267 1958 1403 2013; x_wconf 87' lang='lat' dir='ltr'>anni,</span> <span class='ocrx_word' id='word_1_162' title='bbox 1451 1955 1630 2018; x_wconf 88' lang='lat' dir='ltr'>quibus</span> 
     </span>
     <span class='ocr_line' id='line_1_25' title="bbox 144 2030 1629 2092; baseline 0 -18"><span class='ocrx_word' id='word_1_163' title='bbox 144 2035 304 2074; x_wconf 86' lang='lat' dir='ltr'>totum</span> <span class='ocrx_word' id='word_1_164' title='bbox 331 2030 503 2075; x_wconf 89' lang='lat' dir='ltr'>orbem</span> <span class='ocrx_word' id='word_1_165' title='bbox 529 2033 737 2091; x_wconf 87' lang='lat' dir='ltr'>pacavit.</span> <span class='ocrx_word' id='word_1_166' title='bbox 798 2030 897 2075; x_wconf 93' lang='lat' dir='ltr'>Hic</span> <span class='ocrx_word' id='word_1_167' title='bbox 924 2033 1020 2074; x_wconf 90' lang='lat' dir='ltr'>iam</span> <span class='ocrx_word' id='word_1_168' title='bbox 1047 2033 1153 2092; x_wconf 89' lang='lat' dir='ltr'>ipsa</span> <span class='ocrx_word' id='word_1_169' title='bbox 1177 2033 1410 2076; x_wconf 88' lang='lat' dir='ltr'>iuventus</span> <span class='ocrx_word' id='word_1_170' title='bbox 1435 2032 1629 2091; x_wconf 88' lang='lat' dir='ltr'>imperii</span> 
     </span>
    </p>

    <p class='ocr_par' dir='ltr' id='par_1_8' title="bbox 90 2105 1630 2168">
     <span class='ocr_line' id='line_1_26' title="bbox 90 2105 1630 2168; baseline 0.001 -19"><span class='ocrx_word' id='word_1_171' title='bbox 90 2112 113 2149; x_wconf 92' lang='lat'>8</span> <span class='ocrx_word' id='word_1_172' title='bbox 142 2111 195 2150; x_wconf 91' lang='lat' dir='ltr'>et</span> <span class='ocrx_word' id='word_1_173' title='bbox 237 2108 376 2166; x_wconf 89' lang='lat' dir='ltr'>quasi</span> <span class='ocrx_word' id='word_1_174' title='bbox 412 2105 615 2151; x_wconf 82' lang='lat' dir='ltr'>robusta</span> <span class='ocrx_word' id='word_1_175' title='bbox 650 2108 924 2151; x_wconf 83' lang='lat' dir='ltr'>maturitas.</span> <span class='ocrx_word' id='word_1_176' title='bbox 1001 2106 1042 2150; x_wconf 90' lang='lat' dir='ltr'>A</span> <span class='ocrx_word' id='word_1_177' title='bbox 1072 2105 1281 2151; x_wconf 89' lang='lat' dir='ltr'>Caesare</span> <span class='ocrx_word' id='word_1_178' title='bbox 1311 2105 1543 2168; x_wconf 85' lang='lat' dir='ltr'>Augusto</span> <span class='ocrx_word' id='word_1_179' title='bbox 1576 2108 1630 2150; x_wconf 90' lang='lat' dir='ltr'>in</span> 
     </span>
    </p>
   </div>
   <div class='ocr_carea' id='block_1_3' title="bbox 199 2238 1556 2292">
    <p class='ocr_par' dir='ltr' id='par_1_9' title="bbox 199 2238 1556 2292">
     <span class='ocr_line' id='line_1_27' title="bbox 199 2238 1556 2292; baseline 0.001 -14"><span class='ocrx_word' id='word_1_180' title='bbox 199 2238 213 2262; x_wconf 87' lang='lat'>¹</span> <span class='ocrx_word' id='word_1_181' title='bbox 242 2238 583 2291; x_wconf 83' lang='lat' dir='ltr'>gradus—aetas</span> <span class='ocrx_word' id='word_1_182' title='bbox 603 2240 711 2280; x_wconf 67' lang='lat' dir='ltr'>NLe</span> <span class='ocrx_word' id='word_1_183' title='bbox 740 2243 953 2292; x_wconf 80' lang='lat' dir='ltr'>quattuor</span> <span class='ocrx_word' id='word_1_184' title='bbox 973 2238 1181 2292; x_wconf 87' lang='lat' dir='ltr'>gradibus</span> <span class='ocrx_word' id='word_1_185' title='bbox 1202 2252 1347 2279; x_wconf 81' lang='lat' dir='ltr'>romae</span> <span class='ocrx_word' id='word_1_186' title='bbox 1365 2243 1488 2279; x_wconf 79' lang='lat' dir='ltr'>aetas</span> <span class='ocrx_word' id='word_1_187' title='bbox 1507 2241 1556 2280; x_wconf 89' lang='lat' dir='ltr'>B.</span> 
     </span>
    </p>
   </div>
   <div class='ocr_carea' id='block_1_4' title="bbox 139 2388 1628 2592">
    <p class='ocr_par' dir='ltr' id='par_1_10' title="bbox 195 2388 1439 2442">
     <span class='ocr_line' id='line_1_28' title="bbox 195 2388 1439 2442; baseline 0.001 -14"><span class='ocrx_word' id='word_1_188' title='bbox 195 2388 210 2412; x_wconf 82' lang='lat'>²</span> <span class='ocrx_word' id='word_1_189' title='bbox 242 2391 307 2429; x_wconf 81' lang='lat' dir='ltr'>i.e.</span> <span class='ocrx_word' id='word_1_190' title='bbox 342 2402 388 2428; x_wconf 84' lang='lat' dir='ltr'>as</span> <span class='ocrx_word' id='word_1_191' title='bbox 409 2390 698 2442; x_wconf 83' lang='lat' dir='ltr'>geographers</span> <span class='ocrx_word' id='word_1_192' title='bbox 718 2394 943 2442; x_wconf 81' lang='lat' dir='ltr'>represent</span> <span class='ocrx_word' id='word_1_193' title='bbox 964 2390 1039 2429; x_wconf 83' lang='lat' dir='ltr'>the</span> <span class='ocrx_word' id='word_1_194' title='bbox 1060 2389 1196 2429; x_wconf 89' lang='lat' dir='ltr'>world</span> <span class='ocrx_word' id='word_1_195' title='bbox 1217 2391 1260 2429; x_wconf 90' lang='lat' dir='ltr'>in</span> <span class='ocrx_word' id='word_1_196' title='bbox 1280 2403 1306 2429; x_wconf 86' lang='lat' dir='ltr'>a.</span> <span class='ocrx_word' id='word_1_197' title='bbox 1326 2403 1439 2442; x_wconf 82' lang='lat' dir='ltr'>map.</span> 
     </span>
    </p>

    <p class='ocr_par' dir='ltr' id='par_1_11' title="bbox 139 2443 1628 2592">
     <span class='ocr_line' id='line_1_29' title="bbox 194 2443 1628 2496; baseline 0.001 -14"><span class='ocrx_word' id='word_1_198' title='bbox 194 2443 210 2467; x_wconf 85' lang='lat'><strong>²</strong></span> <span class='ocrx_word' id='word_1_199' title='bbox 239 2443 344 2482; x_wconf 89' lang='lat' dir='ltr'>This</span> <span class='ocrx_word' id='word_1_200' title='bbox 359 2443 542 2483; x_wconf 86' lang='lat' dir='ltr'>number</span> <span class='ocrx_word' id='word_1_201' title='bbox 561 2445 596 2482; x_wconf 82' lang='lat' dir='ltr'>is</span> <span class='ocrx_word' id='word_1_202' title='bbox 613 2444 774 2495; x_wconf 84' lang='lat' dir='ltr'>clearly</span> <span class='ocrx_word' id='word_1_203' title='bbox 790 2457 946 2496; x_wconf 84' lang='lat' dir='ltr'>wrong,</span> <span class='ocrx_word' id='word_1_204' title='bbox 968 2445 1084 2483; x_wconf 85' lang='lat' dir='ltr'>since</span> <span class='ocrx_word' id='word_1_205' title='bbox 1097 2444 1263 2483; x_wconf 80' lang='lat' dir='ltr'>Brutus</span> <span class='ocrx_word' id='word_1_206' title='bbox 1278 2443 1363 2483; x_wconf 86' lang='lat' dir='ltr'>and</span> <span class='ocrx_word' id='word_1_207' title='bbox 1384 2444 1628 2484; x_wconf 77' lang='lat' dir='ltr'>Collatinus</span> 
     </span>
     <span class='ocr_line' id='line_1_30' title="bbox 140 2496 1627 2550; baseline 0.003 -16"><span class='ocrx_word' id='word_1_208' title='bbox 140 2510 248 2535; x_wconf 84' lang='lat' dir='ltr'>were</span> <span class='ocrx_word' id='word_1_209' title='bbox 285 2496 470 2537; x_wconf 84' lang='lat' dir='ltr'>Consuls</span> <span class='ocrx_word' id='word_1_210' title='bbox 510 2499 554 2536; x_wconf 89' lang='lat' dir='ltr'>in</span> <span class='ocrx_word' id='word_1_211' title='bbox 592 2499 671 2538; x_wconf 83' lang='lat'>509</span> <span class='ocrx_word' id='word_1_212' title='bbox 712 2509 811 2546; x_wconf 84' lang='lat' dir='ltr'><strong>B.C.‚</strong></span> <span class='ocrx_word' id='word_1_213' title='bbox 857 2499 1028 2550; x_wconf 85' lang='lat' dir='ltr'>Appius</span> <span class='ocrx_word' id='word_1_214' title='bbox 1067 2497 1275 2538; x_wconf 84' lang='lat' dir='ltr'>Claudius</span> <span class='ocrx_word' id='word_1_215' title='bbox 1312 2497 1398 2538; x_wconf 86' lang='lat' dir='ltr'>and</span> <span class='ocrx_word' id='word_1_216' title='bbox 1438 2498 1627 2547; x_wconf 85' lang='lat' dir='ltr'>Quintus</span> 
     </span>
     <span class='ocr_line' id='line_1_31' title="bbox 139 2550 593 2592; baseline 0.002 -3"><span class='ocrx_word' id='word_1_217' title='bbox 139 2550 323 2590; x_wconf 83' lang='lat' dir='ltr'>Fulvius</span> <span class='ocrx_word' id='word_1_218' title='bbox 344 2552 388 2591; x_wconf 87' lang='lat' dir='ltr'>in</span> <span class='ocrx_word' id='word_1_219' title='bbox 408 2552 488 2590; x_wconf 77' lang='lat'>212</span> <span class='ocrx_word' id='word_1_220' title='bbox 507 2562 593 2592; x_wconf 83' lang='lat' dir='ltr'><strong>B.0.</strong></span> 
     </span>
    </p>
   </div>
   <div class='ocr_carea' id='block_1_5' title="bbox 140 2623 168 2667">
    <p class='ocr_par' dir='ltr' id='par_1_12' title="bbox 140 2623 168 2667">
     <span class='ocr_line' id='line_1_32' title="bbox 140 2623 168 2667; baseline 0 0"><span class='ocrx_word' id='word_1_221' title='bbox 140 2623 168 2667; x_wconf 90' lang='lat'>6</span> 
     </span>
    </p>
   </div>
  </div>
 </body>
</html>
