1747 2912
541 180 595 228 L.
647 181 980 227 ANNAEUS
1033 181 1305 228 FLORUS

583 338 737 384 XLV.
781 338 977 385 BELLVM
1016 339 1272 385 GAmevm

99 473 171 515 111,
188 453 251 504 10
300 457 422 502 AS1A
445 456 652 519 Pompei
672 458 902 503 manibus
923 458 1127 504 subacta
1146 458 1355 520 reliqua,
1373 475 1501 521 quae
1520 465 1676 506 resta·

186 553 311 598 bant
358 556 410 597 in
458 552 673 614 Europa,
723 552 944 598 Fortuna
991 555 1043 598 in
1091 553 1353 599 Caesarem
1399 553 1671 600 transtulit.

136 654 161 692 2
191 648 469 694 Restabant
505 654 676 694 autem
724 651 1050 694 inmanissimi
1087 652 1318 710 gentium
1356 648 1491 694 Galli
1523 656 1677 712 atque

188 743 430 790 Germani
472 749 526 789 et
564 746 787 805 quamvis
826 749 937 790 toto
983 744 1104 790 orbe
1147 743 1309 802 divisi,
1341 750 1515 791 tamen
1562 747 1680 808 quia

187 844 388 886 vincere
413 840 577 897 libuit,
609 840 846 886 Britanni.

257 935 448 980 Primus
493 934 686 980 Galliae
733 940 899 979 motus
946 935 1009 979 ab
1060 934 1313 980 Helvetiis
1362 938 1545 997 coepit,
1593 938 1680 997 qui

190 1028 485 1074 Rhodanum
525 1031 660 1074 inter
697 1034 750 1074 et
789 1027 1021 1074 Rhenum
1059 1031 1159 1085 siti,
1183 1045 1285 1073 non
1322 1028 1683 1076 sufficientibus

185 1127 332 1170 terris
358 1139 544 1169 venere
571 1122 744 1169 sedem
769 1125 1004 1184 petitum,
1024 1126 1240 1169 incensis
1265 1124 1528 1169 moenibus
1553 1127 1683 1178 suis;

137 1226 162 1265 3
187 1217 281 1263 hoc
342 1223 709 1264 sacramentum
771 1215 881 1275 fuit,
933 1233 997 1263 ne
1057 1216 1295 1263 redirent.
1370 1216 1471 1264 Sed
1518 1220 1685 1280 petito

186 1319 414 1373 tempore
452 1311 515 1356 ad
553 1310 955 1367 deliberandum,
981 1327 1095 1357 cum
1132 1314 1266 1357 inter
1302 1327 1464 1357 moras
1503 1311 1684 1358 Caesar

193 1405 421 1452 Rhodani
470 1412 625 1467 ponte
674 1409 883 1451 rescisso
930 1405 1102 1467 fugam
1150 1405 1458 1462 abstulisset,
1510 1409 1683 1452 statim

189 1501 615 1547 bellicosissimam
667 1506 878 1561 gentem
938 1503 1006 1546 sic
1065 1503 1119 1545 in
1172 1499 1318 1546 sedes
1366 1515 1496 1557 suas,
1543 1503 1684 1562 quasi

140 1603 166 1640 4
190 1611 371 1658 greges
400 1597 453 1640 in
482 1594 735 1640 stabulum
769 1600 955 1656 pastor,
979 1593 1195 1640 reduxit.
1270 1592 1498 1656 Sequens
1531 1593 1686 1656 longe

190 1690 443 1752 longeque
492 1691 746 1735 cruentior
793 1705 964 1751 pugna
1025 1687 1310 1749 Belgarum,
1359 1691 1547 1750 quippe
1593 1704 1689 1750 pro

190 1784 427 1830 libertate
453 1787 804 1846 pugnantium.
882 1783 983 1828 Hic
1008 1799 1122 1828 cum
1152 1781 1313 1828 multa
1348 1781 1684 1828 Romanorum

191 1878 410 1925 militum
457 1881 688 1939 insignia,
726 1884 836 1924 tum
874 1876 1000 1922 illud
1038 1879 1299 1939 egregium
1337 1879 1491 1938 ipsius
1527 1875 1688 1934 ducis,

192 1973 345 2036 quod,
368 1979 583 2019 nutante
614 1975 668 2017 in
700 1971 873 2034 fugam
890 1970 909 1999 1
944 1973 1188 2028 exercitu,
1212 1976 1356 2032 rapto
1384 1969 1629 2032 fugientis
1654 1985 1688 2016 e

192 2084 343 2113 manu
369 2073 511 2113 scuto
535 2070 587 2112 in
612 2069 821 2128 primam
841 2065 1055 2112 volitans
1080 2067 1239 2111 aciem
1263 2080 1415 2109 manu
1439 2064 1685 2126 proelium

141 2170 167 2208 5
195 2165 429 2208 restituit.
508 2160 635 2207 Inde
673 2176 787 2206 cum
826 2160 1035 2207 Venetis
1073 2162 1227 2206 etiam
1263 2157 1439 2204 navale
1475 2157 1689 2216 bellum,

195 2256 285 2302 sed
309 2260 465 2302 maior
490 2272 603 2301 cum
631 2255 836 2302 Oceano
862 2271 1012 2317 quam
1037 2270 1151 2300 cum
1187 2256 1305 2315 ipsis
1329 2253 1539 2299 navibus
1563 2256 1680 2298 rixa.

195 2349 397 2411 Quippe
423 2349 537 2395 illae
562 2348 712 2395 rudes
749 2355 802 2394 et
838 2347 1077 2394 informes
1107 2353 1161 2393 et
1190 2349 1363 2393 statim
1394 2344 1688 2408 naufragae,

193 2461 307 2490 cum
334 2451 491 2490 rostra
518 2446 825 2498 sensissent;
862 2442 952 2489 sed
989 2441 1232 2488 haerebat
1256 2445 1309 2487 in
1333 2440 1471 2487 vadis
1495 2456 1691 2503 pugna,

648 2547 665 2572 ¹
694 2546 842 2599 fugam
865 2547 992 2586 Rhed.
1015 2561 1023 2585 ε
1057 2545 1161 2598 fuga
1179 2549 1247 2586 cet.

199 2619 293 2650 200
