1802 2942
141 332 194 371 23

142 560 195 599 24

143 1015 196 1053 25

145 1602 199 1644 27

146 1901 203 1940 28

604 195 660 241 L.
711 194 1045 241 ANNAEUS
1096 193 1366 241 FLORUS

306 324 487 370 Missus
513 326 565 368 in
592 339 703 369 eam
727 326 1035 384 provinciam
1073 322 1266 369 Drusus
1301 325 1487 384 primos
1523 321 1719 368 domuit

232 399 482 461 Vsipetes,
531 398 653 444 inde
708 399 985 445 Tencteros
1006 396 1026 426 1
1074 401 1324 460 percurrit
1383 404 1437 444 et
1495 396 1715 443 Catthos.

232 474 363 519 Nam
390 473 862 519 Marcomannorum
887 472 1054 534 spoliis
1080 479 1134 519 et
1159 473 1440 534 insignibus
1465 471 1719 534 quendam

233 553 427 599 editum
452 553 706 599 tumulum
736 556 790 598 in
820 557 1014 614 tropaei
1047 553 1253 599 modum
1285 552 1518 599 excoluit.
1593 551 1720 597 Inde

235 634 562 680 validissimas
610 638 842 680 nationes
897 633 1173 680 Cheruscos
1216 633 1509 695 Suebosque
1550 639 1606 679 et
1647 632 1721 680 Si-

235 711 458 756 cambros
478 713 667 771 pariter
691 709 955 771 adgressus
973 716 1067 765 est,
1093 713 1178 771 qui
1204 713 1385 771 viginti
1411 711 1720 754 centurioni-

233 785 397 830 busin
415 800 614 829 crucem
631 787 755 829 actis
780 783 877 828 hoc
903 783 1044 829 velut
1069 789 1382 829 sacramento
1403 789 1722 844 sumpserant

233 857 441 914 bellum,
481 856 609 902 adeo
659 856 830 902 certa2
881 860 1118 902 victoriae
1156 873 1261 918 spe,
1299 863 1356 902 ut
1392 856 1630 918 praedam
1669 859 1722 901 in

234 936 538 978 anticessum
579 931 848 993 pactione3
890 931 1197 978 diviserint.4
1271 931 1510 978 Cherusci
1552 948 1723 994 equos,

235 1006 388 1053 Suebi
431 1023 607 1051 aurum
650 1012 704 1051 et
747 1012 1030 1067 argentum,
1075 1005 1320 1052 Sicambri
1359 1009 1582 1068 captivos
1622 1005 1722 1052 ele-

235 1087 450 1142 gerant3
512 1079 600 1125 sed
660 1083 827 1124 omnia
886 1086 1173 1126 retrorsum.
1270 1079 1447 1125 Victor
1503 1095 1723 1141 namque

237 1154 428 1199 Drusus
489 1169 659 1214 equos,
720 1169 917 1214 pecora,
976 1159 1182 1215 torques
1244 1169 1416 1199 eorum
1489 1156 1723 1215 ipsosque

234 1227 472 1289 praedam
500 1227 669 1272 divisit
690 1233 742 1271 et
762 1226 1023 1281 vendidit3
1062 1234 1116 1273 et
1140 1233 1405 1288 praeterea
1430 1228 1484 1270 in
1509 1226 1724 1273 tutelam

235 1304 519 1362 provinciae
545 1300 793 1361 praesidia
817 1307 971 1362 atque
991 1301 1243 1346 custodias
1260 1301 1449 1362 ubique
1474 1299 1721 1362 disposuit

235 1392 325 1436 per
366 1374 559 1419 Mosam
608 1373 813 1430 flumen,
855 1389 946 1434 per
989 1373 1161 1430 Albin,
1204 1390 1296 1435 per
1337 1374 1588 1435 Visurgin.
1663 1373 1723 1419 In

239 1449 403 1494 Rheni
445 1448 651 1510 quidem
692 1451 800 1509 ripa
839 1451 1206 1510 quinquaginta
1253 1448 1468 1509 amplius
1517 1447 1724 1494 castella

237 1522 434 1568 direxit.
523 1521 756 1567 Bormam
794 1527 848 1567 et
882 1518 1241 1568 Gesoriacum5
1280 1522 1520 1583 pontibus
1558 1524 1725 1567 iunxit

237 1596 576 1657 classibusque
625 1594 853 1641 firmavit.
943 1595 1165 1641 Invisum
1212 1602 1366 1658 atque
1412 1598 1725 1641 inaccessum

237 1674 289 1715 in
331 1670 383 1714 id
437 1676 640 1730 tempus
692 1669 1008 1730 Hercynium
1058 1669 1242 1714 saltum
1297 1668 1554 1730 patefecit.
1653 1663 1726 1714 Ea

236 1744 457 1806 denique
495 1746 548 1788 in
587 1743 859 1788 Germania
894 1759 991 1804 pax
1029 1749 1153 1799 erat,
1180 1749 1236 1788 ut
1272 1745 1454 1788 mutati
1480 1741 1726 1800 homines,

237 1817 332 1862 alia
378 1824 530 1873 terra,
569 1816 765 1862 caelum
813 1819 977 1878 ipsum
1025 1820 1197 1862 mitius
1234 1816 1536 1878 molliusque
1579 1815 1726 1862 solito

238 1893 507 1938 videretur.
583 1891 819 1953 Denique
862 1907 964 1936 non
1006 1908 1097 1953 per
1138 1891 1499 1948 adulationem,
1538 1891 1628 1937 sed
1664 1907 1726 1938 ex

239 1970 445 2023 meritis,
483 1965 728 2012 defuncto
765 1966 834 2010 ibi
871 1964 1144 2012 fortissimo
1176 1969 1376 2023 iuvene,
1412 1965 1562 2027 ipse‚⁶
1591 1965 1726 2028 quod

238 2057 512 2102 numquam
571 2039 707 2096 alias,
756 2046 961 2085 senatus
1020 2055 1304 2101 cognomen
1357 2055 1419 2085 ex
1473 2042 1728 2101 provincia

239 2116 396 2163 dedit.

295 2227 313 2252 ²
339 2227 600 2266 Tencteros:
633 2237 834 2265 cenceros
853 2226 904 2265 B.

297 2281 313 2306 ²
342 2285 490 2320 certa:
521 2286 668 2318 certae
688 2282 738 2319 B.

297 2336 313 2360 ³
342 2336 387 2374 in
418 2335 685 2373 anticessum
717 2332 947 2385 pactione:
981 2342 1085 2373 ante
1111 2334 1361 2386 pactionem
1395 2334 1456 2374 B:
1487 2332 1726 2372 inantices-

243 2402 338 2428 sum
358 2389 405 2427 L.

299 2444 315 2467 ⁴
345 2442 603 2481 diviserint:
636 2440 886 2479 diviserunt
909 2441 973 2480 B:
1005 2440 1258 2480 dividerent
1277 2441 1325 2481 L.

296 2496 312 2520 ⁵
342 2497 623 2535 Gesoriacum
641 2510 650 2534 :
684 2495 876 2533 caesoria
897 2507 995 2533 cum
1014 2496 1076 2535 B:
1108 2496 1327 2548 gesogiam
1347 2494 1503 2534 cumN
1517 2508 1527 2535 :
1548 2506 1707 2547 genoso

238 2551 356 2589 niam
381 2563 479 2588 cum
499 2550 546 2590 L.

241 2620 336 2678 336
