1802 2942
744 611 785 659 I.
823 608 1209 658 MILTIADES

289 739 336 790 1.
375 740 682 796 MILTIADES,
713 740 932 786 Cimonis
966 739 1112 795 filius,
1141 737 1486 793 Atheniensis,
1512 753 1627 784 cum
1664 743 1720 785 et

227 818 536 878 antiquitate
555 816 755 877 generis
774 820 827 860 et
845 813 1005 877 gloria
1021 815 1269 858 maiorum
1289 818 1343 858 et
1361 827 1451 857 sua
1468 810 1720 858 modestia

227 905 354 935 unus
381 891 605 934 omnium
629 889 852 933 maxime
877 886 1083 933 floreret
1109 901 1271 948 eaque
1299 892 1435 931 esset
1461 891 1635 931 aetate
1661 892 1720 932 ut

227 979 327 1009 non
358 965 459 1008 iam
491 962 652 1008 solum
683 961 747 1008 de
781 978 840 1008 eo
872 961 1004 1007 bene
1037 976 1259 1023 sperare,
1291 959 1382 1006 sed
1414 962 1572 1005 etiam
1604 975 1720 1005 con·

227 1036 383 1083 fidere
413 1040 544 1083 cives
575 1043 783 1099 possent
813 1038 888 1082 sui
918 1034 1077 1082 talem
1108 1051 1225 1081 eum
1255 1032 1485 1080 futurum
1516 1033 1720 1096 qualem

227 1114 486 1174 cognitum
513 1111 816 1166 iudicarunt,
845 1109 1027 1156 accidit
1053 1115 1112 1155 ut
1139 1107 1481 1155 Athenienses
1510 1106 1721 1154 Cherso-

178 1189 202 1227 2
226 1201 404 1231 nesum
437 1184 636 1231 colonos
669 1183 860 1231 vellent
891 1186 1114 1230 mittere.
1186 1182 1338 1229 Cuius
1371 1184 1572 1245 generis
1605 1198 1720 1229 eum

226 1275 440 1322 magnus
475 1274 714 1304 numerus
751 1264 887 1304 esset
923 1264 976 1303 et
1010 1255 1159 1303 multi
1195 1260 1302 1302 eius
1338 1256 1720 1318 demigrationis

227 1338 466 1394 peterent
488 1335 805 1387 societatem,
829 1347 892 1377 ex
914 1329 990 1376 his
1014 1329 1200 1377 delecti
1223 1328 1450 1392 Delphos
1474 1329 1721 1376 delibera-

227 1412 338 1452 tum
379 1409 517 1452 missi
562 1404 720 1461 sunt,1
758 1421 858 1468 quo
893 1407 1214 1467 potissimum
1259 1404 1389 1451 duce
1433 1410 1718 1452 uterentur.

228 1478 462 1542 Namque
494 1486 606 1526 tum
637 1478 886 1526 Thraeces
921 1495 1005 1525 eas
1038 1481 1271 1542 regiones
1303 1478 1573 1535 tenebant,
1605 1495 1720 1526 cum

178 1560 203 1600 3
228 1554 408 1616 quibus
447 1557 596 1600 armis
635 1560 747 1600 erat
783 1553 1140 1600 dimicandum.
1210 1552 1303 1599 His
1341 1552 1719 1601 consulentibus

228 1630 527 1673 nominatim
563 1626 750 1690 Pythia
784 1630 1046 1690 praecepit
1081 1633 1141 1673 ut
1178 1626 1470 1674 Miltiadem
1505 1629 1721 1690 Mpera-

227 1708 391 1748 torem
410 1702 503 1748 sibi
523 1708 812 1749 sumerent:
849 1701 902 1749 id
920 1704 960 1748 si
979 1699 1237 1757 fecissent,
1256 1704 1462 1765 incepta
1479 1718 1720 1765 prospera

228 1773 414 1822 futura.

178 1855 204 1892 4
293 1848 402 1895 Hoc
429 1848 616 1896 oraculi
641 1865 881 1912 responso
911 1849 1172 1896 Miltiades
1199 1866 1314 1896 cum
1340 1849 1541 1897 delecta
1565 1867 1720 1899 manu

228 1920 384 1968 classe
413 1922 782 1969 Chersonesum
807 1921 1083 1985 profectuS,
1109 1939 1224 1970 cum
1251 1927 1544 1971 accessisset
1571 1924 1720 1972 Lem-

229 2012 350 2042 num
379 2004 433 2043 et
458 1996 644 2043 incolas
673 1999 778 2043 eius
806 1996 999 2044 insulae
1026 1997 1120 2044 sub
1146 2004 1462 2060 potestatem
1487 1999 1719 2064 redigere

281 2133 297 2158 1
328 2133 413 2174 The
437 2133 570 2173 MSS.
596 2139 734 2185 except
753 2134 871 2175 Leid.
894 2135 978 2174 add
998 2135 1075 2185 qui
1095 2135 1370 2176 consulerent
1389 2136 1649 2188 Apollinem.

283 2256 298 2279 1
329 2255 396 2294 He
416 2255 599 2295 claimed
618 2257 796 2296 descent
814 2257 927 2296 from
947 2258 1129 2305 Aeacus,
1145 2271 1225 2298 son
1243 2259 1290 2298 of
1308 2259 1441 2307 Zeus3
1469 2258 1537 2299 for
1554 2259 1720 2300 similar

225 2309 512 2360 family-trees
533 2310 588 2349 cf.
614 2310 735 2350 Suet.
757 2311 887 2350 Galba
910 2312 960 2359 23
1007 2312 1129 2362 Vesp.
1158 2313 1222 2352 12.

280 2364 297 2388 ²
326 2364 364 2402 A
403 2363 578 2414 general
614 2368 728 2404 term
767 2365 837 2404 for
876 2377 903 2404 a
942 2365 1193 2416 peninsula;
1249 2366 1350 2406 here
1388 2366 1465 2406 the
1504 2366 1720 2407 Thracian

227 2416 515 2457 Chersonesus
537 2418 572 2457 is
596 2422 760 2465 meant,
782 2418 858 2458 the
878 2418 1059 2458 modern
1080 2419 1287 2471 Gallipoli
1306 2420 1549 2472 peninsula.

280 2470 296 2494 ³
326 2471 379 2509 In
408 2472 611 2522 chapters
644 2473 664 2512 1
697 2473 785 2511 and
815 2474 840 2511 2
869 2473 1015 2524 Nepos
1043 2473 1242 2513 coniuses
1270 2474 1489 2514 Miltiades
1517 2474 1624 2514 with
1652 2474 1718 2514 his

224 2523 349 2564 uncle
377 2525 422 2564 of
448 2525 524 2564 the
550 2537 671 2566 same
697 2538 841 2566 name.
897 2526 989 2567 The
1014 2539 1240 2579 responses
1267 2527 1312 2567 of
1338 2528 1415 2568 the
1441 2528 1583 2568 oracle
1613 2540 1719 2568 were

237 2612 324 2660 372
