1747 2912
106 451 161 489 54

107 713 160 752 55

109 974 162 1013 56

112 1413 165 1452 57

112 1501 167 1539 58

115 2024 167 2062 59

116 2111 167 2150 60

119 2373 168 2411 61

553 141 605 186 L.
664 140 996 187 ANNAEUS
1046 140 1317 188 FLORUS

194 276 301 316 tem
350 268 715 330 Carthaginis.’'
789 268 933 314 Haec
979 267 1077 313 fuit
1123 267 1256 313 illius
1295 271 1387 312 viri
1433 284 1536 314 non
1570 271 1677 315 sine

195 359 455 418 praesagio
479 355 695 417 quodam
720 354 812 401 fati
839 357 1133 400 inminentis
1158 358 1317 416 prima
1342 354 1602 401 confessio.

265 443 370 488 Iam
407 449 601 488 certum
650 449 758 488 erat
809 442 1114 487 Annibalem
1163 445 1316 488 etiam
1362 445 1516 503 ipsius
1563 458 1679 487 con-

195 530 412 576 fessione
454 546 598 591 posse
645 532 807 584 vinci3
858 529 948 575 sed
995 535 1075 575 tot
1123 545 1289 575 rerum
1332 544 1680 590 prosperarum

197 617 376 663 fiducia
413 616 592 678 plenus
625 616 839 678 populus
884 616 1134 661 Romanus
1173 619 1345 677 magni
1383 617 1682 662 aestimabat

199 707 528 766 asperrimum
563 703 763 749 hostem
796 707 847 748 in
875 719 961 748 sua
998 702 1165 748 Africa
1191 702 1462 749 debellare.
1537 702 1681 749 Duce

196 796 351 854 igitur
389 791 622 852 Scipione
663 794 716 835 in
764 795 920 851 ipsam
970 790 1193 835 Africam
1240 797 1349 836 tota
1395 790 1526 836 mole
1566 806 1682 836 con-

198 895 367 925 versus
413 882 597 924 imitari
647 881 815 939 coepit
863 877 1167 923 Annibalem
1225 883 1278 923 et
1339 877 1515 923 Italiae
1564 893 1681 924 suae

199 966 366 1012 clades
414 969 468 1011 in
520 964 693 1010 Africa
746 964 1011 1010 vindicare.
1101 963 1236 1021 Quas
1277 963 1380 1022 ille,
1422 964 1491 1010 dii
1548 966 1683 1022 boni,

202 1053 534 1099 Hasdrubalis
577 1056 741 1114 copias
783 1051 932 1109 fudit,
976 1068 1099 1114 quos
1143 1051 1384 1114 Syphacis
1428 1052 1683 1097 Numidici

199 1145 332 1203 regis
358 1144 611 1203 equitatus
635 1142 643 1185 l
716 1139 858 1197 Quae
885 1146 1172 1202 quantaque
1199 1138 1494 1201 utriusque1
1525 1145 1686 1185 castra

200 1229 390 1274 facibus
415 1228 583 1273 inlatis
609 1244 708 1273 una
731 1233 882 1273 nocte
908 1227 1125 1273 delevit!
1199 1226 1434 1288 Denique
1460 1229 1558 1271 iam
1583 1242 1685 1271 non

200 1334 229 1362 a
269 1319 422 1362 tertio
464 1315 646 1376 lapide,
687 1315 775 1361 sed
814 1318 943 1376 ipsas
988 1314 1302 1375 Carthaginis
1351 1320 1519 1375 portas
1558 1315 1687 1360 obsi-

204 1405 354 1450 dione
382 1403 655 1465 quatiebat.
730 1402 811 1448 Sic
836 1401 1026 1448 factum
1065 1408 1122 1447 ut
1157 1401 1509 1447 inhaerentem
1533 1408 1686 1463 atque

202 1492 527 1537 incubantem
567 1490 743 1536 Italiae
793 1495 1120 1551 extorqueret
1168 1488 1486 1535 Annibalem.
1572 1488 1688 1534 Non

203 1579 300 1625 fuit
324 1582 479 1623 maior
516 1578 606 1623 sub
643 1581 853 1638 imperio
894 1577 1114 1622 Romano
1140 1575 1247 1622 dies
1273 1592 1422 1638 quam
1447 1575 1550 1633 ille,
1574 1592 1687 1622 cum

203 1667 302 1712 duo
350 1668 572 1710 omnium
621 1671 674 1710 et
721 1671 871 1710 antea
915 1671 969 1710 et
1011 1670 1186 1725 postea
1224 1663 1409 1708 ducum
1446 1661 1689 1708 maximi2

204 1754 374 1810 duces,
423 1752 507 1798 ille
558 1751 750 1808 Italiae,
800 1751 881 1796 hic
933 1752 1210 1813 Hispaniae
1258 1754 1433 1807 victor,
1480 1750 1690 1796 conlatis

209 1844 485 1887 comminus
544 1843 698 1901 signis
756 1839 986 1885 direxere
1033 1842 1206 1886 aciem.
1281 1837 1381 1884 Sed
1430 1844 1483 1884 et
1529 1826 1690 1883 conlo-

207 1933 378 1991 quium
413 1927 509 1973 fuit
541 1930 675 1972 inter
704 1930 836 1988 ipsos
861 1926 925 1972 de
956 1925 1153 1987 legibus
1179 1928 1331 1987 pacis,
1357 1931 1410 1971 et
1435 1930 1691 1971 steterunt

206 2016 290 2061 diu
330 2021 509 2060 mutua
547 2014 878 2060 admiratione
919 2013 1082 2059 defixi.
1175 2012 1274 2058 Ubi
1316 2011 1380 2058 de
1428 2028 1552 2074 pace
1587 2028 1689 2057 non

207 2106 460 2159 convenit,
503 2105 645 2163 signa
684 2105 927 2147 cecinere.
1016 2100 1226 2146 Constat
1270 2103 1530 2162 utriusque
1574 2116 1690 2145 con-

206 2190 425 2237 fessione
450 2205 545 2236 nec
570 2188 749 2235 melius
775 2191 955 2234 instrui
980 2191 1138 2234 aciem
1164 2203 1259 2233 nec
1284 2190 1443 2232 acrius
1468 2190 1690 2248 potuisse

207 2280 420 2339 pugnari
443 2293 454 2332 ;
525 2276 620 2321 hoc
676 2276 842 2337 Scipio
895 2275 960 2321 de
1012 2274 1293 2330 Annibalis,
1352 2273 1572 2319 Annibal
1626 2272 1692 2320 de

209 2365 454 2427 Scipionis
471 2367 694 2410 exercitu
713 2363 1141 2424 praedicaverunt.
1216 2360 1317 2407 Sed
1335 2367 1507 2407 tamen
1532 2360 1692 2406 Anni-

479 2460 496 2486 ²
520 2466 608 2512 post
628 2461 856 2513 utriusque
876 2461 973 2499 add.
995 2459 1122 2498 clasis
1143 2457 1192 2507 B,
1219 2458 1366 2497 elassis
1386 2459 1424 2499 I.

479 2515 496 2540 ²
525 2515 703 2554 maximi
725 2516 777 2554 I:
808 2515 995 2553 maxime
1015 2513 1112 2553 BN.

208 2588 297 2619 112
