1747 2912
91 287 144 326 46

539 152 595 198 L.
644 151 982 198 ANNAEUS
1031 150 1300 197 FLORUS

182 280 305 326 tolio
340 279 613 329 videretur.
685 279 837 340 Fugit
874 286 928 325 et
966 282 1115 325 cessit
1153 285 1207 325 et
1245 282 1299 324 in
1338 278 1573 325 ultimum
1608 295 1661 326 se

185 353 359 399 Italiae
422 356 616 414 recepit
667 355 845 409 sinum,
898 369 1012 398 cum
1070 353 1246 398 urbem
1303 359 1504 398 tantum
1561 368 1663 398 non

95 433 149 473 47
187 427 444 473 adoratam
515 426 812 488 reliquisset.
905 427 1060 472 Parva
1117 442 1195 472 res
1254 426 1394 472 dictu
1453 426 1543 473 sed
1600 426 1664 472 ad

92 730 148 768 48

91 1023 143 1061 49

90 1245 143 1284 50

92 1540 143 1579 51

92 2056 144 2095 53

181 503 654 562 magnanimitatem
702 500 875 562 populi
925 500 1136 545 Romani
1183 499 1495 561 probandam
1547 503 1665 546 satis

183 575 370 631 efficax,
413 574 546 636 quod
593 574 690 619 illis
737 577 855 636 ipsis
903 575 1082 636 quibus
1130 573 1454 620 obsidebatur
1489 573 1666 620 diebus

182 664 317 709 ager,
344 664 494 709 quem
519 647 742 693 Annibal
767 651 938 694 castris
963 647 1237 704 insederat,
1261 648 1452 694 venalis
1481 648 1666 694 Romae

186 722 281 767 fuit
311 721 586 783 hastaeque
612 723 866 768 subiectus
891 725 1087 768 invenit
1125 728 1420 783 emptorem.
1497 721 1668 768 Voluit

183 795 405 840 Annibal
431 801 606 841 contra
629 798 814 841 imitari
840 795 1072 841 fiduciam
1098 796 1414 857 subiecitque
1434 802 1668 857 argenta-

180 873 275 914 rias
300 870 433 914 urbis
459 870 692 915 tabernas
712 885 723 924 ;
760 885 855 915 nec
881 876 1046 915 sector
1070 873 1307 915 inventus
1334 876 1427 926 est,
1452 876 1510 916 ut
1545 873 1668 916 scias

181 946 333 989 etiam
359 946 617 1004 praesagia
641 942 758 989 fatis
783 942 1016 990 adfuisse.

250 1016 387 1061 Nihil
413 1024 583 1062 actum
607 1023 716 1062 erat
739 1023 885 1063 tanta
923 1020 1124 1074 virtute,
1150 1023 1294 1063 tanto
1319 1017 1489 1063 favore
1515 1021 1668 1064 etiam

181 1090 404 1147 deorum,
455 1094 494 1136 si
541 1090 745 1152 quidem
783 1091 845 1136 ab
888 1090 1134 1152 Hispania
1176 1091 1464 1137 Hasdrubal
1514 1091 1671 1138 frater

181 1163 446 1209 Annibalis
495 1181 610 1209 cum
658 1167 882 1210 exercitu
929 1180 1071 1222 novo,
1116 1168 1257 1210 novis
1297 1166 1499 1222 viribus,
1542 1182 1671 1212 nova

183 1237 303 1283 belli
341 1237 474 1283 mole
516 1238 765 1285 veniebat.
842 1240 1029 1285 Actum
1066 1245 1174 1286 erat
1210 1240 1383 1301 procul
1420 1240 1589 1298 dubio,
1631 1244 1671 1287 si

182 1315 256 1356 vir
290 1311 377 1357 ille
414 1328 466 1358 se
504 1328 617 1357 cum
651 1312 804 1359 fratre
838 1316 1094 1358 iunxisset.
1169 1312 1269 1359 Sed
1302 1313 1436 1359 hunc
1473 1330 1671 1376 quoque

182 1389 281 1431 iam
328 1393 438 1432 tum
487 1385 674 1448 quom1
712 1387 774 1432 ab
816 1387 947 1449 Alpe
990 1386 1341 1444 descenderat,
1381 1388 1516 1449 apud
1560 1388 1670 1435 Me-

180 1466 380 1506 taurum
419 1466 579 1505 castra
614 1466 896 1506 metantem
934 1460 1170 1506 Claudius
1207 1461 1344 1507 Nero
1380 1478 1494 1506 cum
1531 1461 1672 1508 Livio

187 1533 465 1580 Salinatore
504 1534 742 1580 debellat.
818 1535 953 1580 Nero
977 1538 1030 1579 in
1056 1534 1291 1580 ultimum
1319 1535 1496 1582 Italiae
1520 1553 1673 1597 angu-

182 1608 287 1653 lum
309 1608 327 1636 2
365 1615 702 1654 summoverat
744 1608 1067 1665 Annibalem,
1107 1608 1276 1655 Livius
1306 1612 1359 1654 in
1400 1609 1672 1656 diversissi-

183 1698 314 1726 mam
343 1688 555 1742 partem,
580 1682 632 1727 id
658 1688 737 1728 est
761 1685 814 1727 in
839 1686 969 1744 ipsas
995 1686 1248 1728 nascentis
1289 1683 1465 1729 Italiae
1502 1683 1671 1731 fauces

184 1758 326 1816 signa
352 1762 682 1801 converterat.
757 1755 936 1812 Tanto,
962 1756 1013 1801 id
1040 1762 1119 1802 est
1144 1760 1297 1813 omni,
1323 1773 1420 1818 qua
1443 1756 1672 1819 longissi-

182 1845 263 1873 ma
307 1826 420 1874 est3
447 1829 607 1886 Italia,
646 1829 750 1875 solo
786 1833 1142 1887 interiacente,
1179 1846 1278 1892 quo
1316 1830 1538 1888 consilio,
1575 1844 1703 1893 qua·

183 1902 444 1948 celeritate
506 1903 734 1949 consules
795 1910 957 1949 castra
1014 1907 1387 1961 coniunxerint,
1444 1908 1672 1967 inopina-

181 1983 391 2038 tumque
433 1976 631 2022 hostem
669 1976 879 2022 conlatis
919 1979 1074 2038 signis
1112 1981 1469 2039 oppresserint,
1506 1995 1673 2042 neque

184 2049 235 2095 id
279 2050 384 2096 fieri
424 2050 646 2095 Annibal
683 2054 913 2107 senserit,
949 2050 1148 2097 difficile
1181 2051 1321 2098 dictu
1358 2059 1450 2099 est.
1524 2053 1673 2100 Certe

183 2123 402 2169 Annibal
429 2140 480 2170 re
519 2127 721 2184 cognita
758 2141 872 2169 cum
909 2128 1188 2185 proiectum
1222 2124 1387 2172 fratris
1424 2133 1575 2188 caput
1610 2126 1675 2173 ad

185 2213 272 2242 sua
315 2203 474 2242 castra
517 2197 741 2254 vidisset,
781 2203 1048 2259 “agnosco
1067 2198 1093 2216 '³
1143 2202 1308 2261 inquit
1358 2199 1673 2247 “infelicita-

238 2317 255 2342 1
284 2318 371 2356 iam
392 2323 486 2356 tum
507 2331 637 2369 quom
659 2319 954 2358 Rossbachius:
986 2323 1163 2359 tantum
1186 2318 1304 2371 quod
1324 2321 1436 2360 codd.

238 2372 253 2395 ²
283 2373 328 2410 in
390 2371 594 2410 ultimum
650 2371 809 2412 Italiae
859 2372 1068 2425 angulum
1117 2374 1358 2415 Halmius:
1417 2374 1463 2414 in
1516 2374 1673 2415 ultimo

183 2424 341 2464 Italiae
363 2425 522 2477 angulo
543 2426 656 2466 codd.

238 2480 254 2504 ³
285 2485 352 2519 est
374 2481 424 2520 l:
457 2479 545 2519 fuit
565 2479 618 2521 B.

188 2570 279 2602 110
