1747 2912
517 157 570 203 L.
625 156 960 203 ANNAEUS
1010 156 1283 204 FLORUS

157 290 211 330 et
252 287 391 346 quasi
426 284 705 330 vindicaret
746 284 939 342 exiluit,
982 290 1093 330 tum
1128 288 1296 330 omm'a
1335 287 1465 330 circa
1501 286 1642 347 quasi

72 376 120 416 13
152 370 352 416 hostilia
402 374 539 432 gravi
587 371 718 417 mole
771 374 1077 432 permiscuit.
1178 371 1253 416 Ac
1312 374 1382 417 sic
1433 370 1643 417 eaedem

157 456 309 513 ferae,
334 473 461 519 quae
487 461 699 519 primam
724 461 984 503 victoriam
1009 457 1344 516 abstulerunt,
1370 457 1644 504 secundam

157 560 329 605 parem
367 544 614 601 fecerunt,
652 547 857 590 tertiam
896 547 1004 590 sine
1044 547 1384 590 controversia
1421 544 1643 590 tradide-

71 637 119 674 14
151 637 283 677 runt.
360 631 467 677 Nec
512 647 630 676 vero
678 638 880 677 tantum
927 634 1075 677 armis
1124 637 1177 677 et
1219 634 1272 676 in
1321 647 1514 693 campo,
1555 630 1644 677 sed

69 985 117 1023 15

69 1333 119 1371 16

70 1680 119 1720 17

71 2116 121 2155 18

156 717 371 763 consiliis
409 734 607 780 quoque
645 724 698 763 et
739 716 913 763 domi1
950 734 1064 763 cum
1105 734 1226 780 rege
1265 717 1455 780 Pyrrho
1496 717 1642 763 dimi-

156 811 323 850 catum
349 811 437 850 est.
514 803 715 866 Quippe
732 811 846 866 post
861 807 1073 865 primam
1098 807 1357 850 victoriam
1381 804 1646 851 intellecta

155 894 229 936 vir
254 891 461 937 callidus
488 894 674 937 virtute
711 892 933 936 Romana
969 894 1141 937 statim
1177 891 1464 952 desperavit
1497 894 1645 937 armis

156 994 310 1040 seque
366 978 430 1023 ad
479 978 618 1024 dolos
673 977 903 1025 contulit,
977 978 1107 1022 Nam
1163 981 1497 1039 interemptos
1546 994 1646 1025 cre-

153 1069 324 1121 mavit,
351 1069 674 1127 captivosque
700 1065 1028 1126 indulgenter
1053 1064 1232 1111 habuit
1258 1071 1311 1111 et
1337 1068 1445 1111 sine
1480 1068 1646 1126 pretio

155 1155 396 1210 restituit,
443 1156 705 1214 missisque
754 1151 936 1213 legatis
984 1155 1038 1197 in
1085 1152 1261 1197 urbem
1310 1155 1448 1197 omni
1495 1151 1647 1198 modo

154 1239 356 1285 adnisus
396 1246 474 1285 est
512 1246 571 1285 ut
609 1238 743 1284 facto
784 1237 991 1284 foedere
1039 1241 1092 1283 in
1139 1241 1410 1284 amicitiam
1456 1241 1643 1300 recipe-

155 1333 307 1372 retur.
405 1325 506 1372 Sed
567 1333 620 1372 et
678 1325 812 1371 bello
861 1331 915 1371 et
962 1341 1084 1386 pace
1133 1331 1186 1371 et
1234 1324 1353 1371 foris
1409 1331 1463 1372 et
1498 1321 1646 1371 'domi

156 1429 358 1459 omnem
382 1416 434 1457 in
459 1420 656 1474 partem
685 1413 908 1458 Romana
933 1415 1090 1458 virtus
1115 1418 1226 1457 tum
1251 1427 1305 1458 se
1330 1411 1643 1473 adprobavit,

156 1516 250 1546 nec
297 1500 393 1545 alia
439 1503 599 1561 magis
648 1516 797 1561 quam
845 1499 1121 1545 Tarentina
1167 1502 1375 1545 victoria
1421 1499 1647 1546 ostendit

154 1587 326 1648 populi
390 1587 599 1632 Romani
649 1585 1022 1643 fortitudinem,
1069 1592 1272 1631 senatus
1331 1589 1646 1648 sapientiam,

158 1674 342 1719 ducum
384 1676 869 1735 magnanimitatem.
946 1671 1166 1729 Quinam
1203 1672 1278 1717 illi
1312 1671 1522 1719 fuerunt
1554 1676 1645 1719 viri

156 1777 278 1823 quos
317 1762 380 1806 ab
419 1760 704 1821 elephantis
752 1763 912 1822 primo
954 1759 1145 1822 proelio
1193 1760 1405 1806 obtritos
1452 1763 1646 1821 accepi-

155 1849 300 1894 mus?
372 1847 613 1893 Omnium
642 1847 850 1893 vulnera
888 1850 939 1892 in
983 1852 1205 1908 pectore,
1249 1846 1451 1908 quidam
1489 1846 1646 1893 hosti-

157 1936 247 1980 bus
285 1938 383 1981 suis
417 1941 580 1980 morte
618 1950 704 1980 sua
742 1937 1038 1990 conmortui,
1064 1936 1289 1979 omnium
1325 1936 1377 1978 in
1413 1934 1642 1980 manibus

157 2025 306 2079 ensis,
331 2028 384 2068 et
409 2022 615 2067 relictae
641 2025 692 2066 in
718 2020 935 2067 voltibus
968 2023 1150 2077 minae,
1177 2026 1231 2067 et
1263 2023 1317 2065 in
1352 2022 1459 2082 ipsa
1482 2027 1644 2066 morte

158 2112 230 2154 ira
267 2109 482 2154 vivebat.
573 2108 723 2166 Quod
772 2108 899 2154 adeo
941 2106 1160 2169 Pyrrhus
1201 2110 1410 2153 miratus
1460 2113 1539 2153 est
1586 2113 1646 2154 ut

158 2195 353 2241 diceret
389 2200 467 2241 “o
501 2212 649 2257 quam
687 2194 833 2241 facile
873 2201 980 2241 erat
1019 2194 1150 2240 orbis
1193 2196 1458 2255 imperium
1499 2209 1643 2240 occu—

157 2299 292 2345 pare,
318 2289 406 2328 aut
429 2282 553 2327 mihi
592 2283 826 2327 Romanis
857 2281 1101 2327 militibus
1126 2280 1273 2338 datis,
1304 2286 1393 2326 aut
1416 2296 1497 2325 me
1523 2295 1644 2342 rege

167 2368 469 2415 Romanis!''
544 2368 688 2426 Quae
757 2374 929 2414 autem
1000 2383 1173 2414 eorum
1242 2370 1295 2412 in
1364 2366 1646 2428 reparando

300 2497 315 2521 ¹
343 2497 463 2536 intra
484 2496 634 2536 urbem
655 2501 749 2537 ante
769 2509 868 2536 cum
891 2496 987 2537 add.
1006 2496 1119 2537 codd.
1136 2508 1151 2536 .·
1180 2496 1258 2536 dez.
1280 2495 1474 2536 Iahnius.

161 2577 219 2619 62
