1802 2942
648 165 1044 215 CORNELIUS
1090 165 1311 214 NEPOS

232 314 343 343 rum
366 299 590 359 partium
615 302 670 342 et
694 302 831 342 esset
855 302 910 342 et
934 298 1332 350 existimaretur,
1355 312 1524 358 neque
1547 303 1723 343 tamen

231 380 285 411 se
320 362 547 410 civilibus
582 362 819 409 fluctibus
854 365 1220 417 committeret,
1255 363 1392 424 quod
1425 379 1528 409 non
1561 366 1724 426 magis

233 447 317 477 eos
360 433 412 476 in
455 447 547 477 sua
587 437 850 492 potestate
894 430 1225 475 existimabat
1267 445 1377 476 esse
1421 433 1507 492 qui
1549 446 1604 476 se
1647 429 1723 476 his

179 505 204 543 2
229 498 508 552 dedissent,
530 513 684 559 quam
705 499 791 559 qui
811 499 1077 542 maritimis
1097 499 1424 542 iactarentur.
1492 496 1723 543 Honores

230 582 333 611 non
361 568 531 626 petiit,
560 580 676 610 cum
706 567 752 609 ei
780 570 1022 625 paterent
1050 570 1260 625 propter
1287 563 1368 609 vel
1396 566 1615 626 gratiam
1644 562 1725 609 vel

239 631 565 693 dignitatem,
592 629 729 692 quod
753 646 921 692 neque
955 633 1064 691 peti
1097 646 1237 676 more
1271 633 1520 675 maiorum
1553 645 1722 692 neque

232 701 344 760 capi
398 705 625 760 possent,
681 700 986 744 conservatis
1041 696 1258 760 legibus,
1312 700 1364 743 in
1417 704 1526 743 tam
1582 696 1724 744 effusi

234 766 456 811 ambitus
491 764 844 827 largitionibus
880 780 1049 826 neque
1074 767 1182 827 geri
1199 763 1221 793 1
1257 780 1285 810 e
1310 781 1364 810 re
1388 765 1591 826 publica
1615 767 1723 811 sine

182 839 206 878 3
228 832 452 895 periculo
506 834 754 893 corruptis
809 833 1027 878 cixitatis
1081 832 1318 877 moribus.
1386 832 1470 877 Ad
1522 830 1724 878 hastam

230 899 486 962 publicam
542 915 821 960 numquam
879 901 1106 944 accessit.
1175 898 1371 944 Nullius
1426 900 1499 944 rei
1554 914 1724 961 neque

230 983 378 1028 praes
412 982 581 1028 neque
614 981 855 1027 manceps
887 963 1054 1011 factus
1089 972 1183 1011 est.
1252 965 1524 1011 Neminem
1554 981 1724 1028 neque

231 1051 321 1081 suo
356 1037 561 1080 nomine
596 1049 765 1095 neque
800 1033 1120 1079 subscribens
1156 1035 1428 1087 accusavit,
1461 1035 1514 1078 in
1547 1035 1624 1079 ius
1659 1032 1724 1079 de

180 1110 207 1146 4
229 1118 319 1148 sua
345 1117 400 1146 re
428 1117 707 1162 numquam
733 1103 810 1154 iit,
835 1099 1078 1146 iudicium
1103 1099 1298 1145 nullum
1324 1099 1520 1146 habuit.
1590 1099 1725 1145 Mul-

231 1176 400 1214 torum
431 1167 693 1213 consulum
722 1173 1119 1229 praetorumque
1149 1165 1498 1228 praefecturas
1528 1166 1725 1213 delatas

231 1239 300 1281 sic
337 1238 552 1296 accepit,
587 1242 645 1280 ut
679 1237 938 1280 neminem
971 1237 1024 1280 in
1058 1236 1368 1295 provinciam
1403 1237 1469 1279 sit
1503 1240 1726 1288 secutus,

230 1301 421 1348 honore
467 1300 624 1348 fuerit
669 1308 961 1355 contentus,
1005 1304 1079 1346 rei
1125 1299 1386 1346 familiaris
1432 1301 1728 1362 despexerit

230 1368 483 1423 fructum3
536 1371 621 1431 qui
652 1384 717 1414 ne
750 1385 865 1414 cum
898 1367 960 1426 Q.
995 1367 1202 1430 quidem
1235 1367 1477 1414 Cicerone
1509 1367 1727 1414 voluerit

229 1439 302 1482 ire
333 1439 385 1482 in
417 1437 610 1490 Asiam,
641 1452 757 1481 cum
789 1435 926 1497 apud
957 1451 1075 1481 eum
1105 1433 1264 1498 legati
1293 1434 1460 1481 locum
1491 1436 1725 1482 obtinere

229 1510 419 1566 posset.
489 1502 603 1549 Non
659 1505 794 1548 enim
848 1502 1031 1548 decere
1084 1518 1139 1548 se
1194 1503 1554 1557 arbitrabatur,
1608 1519 1724 1548 cum

229 1578 525 1632 praeturam
550 1585 731 1633 gerere
756 1568 1020 1624 noluisset,
1046 1568 1299 1615 adseclam
1326 1585 1436 1615 esse
1461 1573 1725 1630 praetoris.

177 1644 203 1683 5
228 1637 343 1695 Qua
373 1641 425 1682 in
456 1653 510 1683 re
543 1654 644 1683 non
675 1636 838 1683 solum
868 1637 1110 1699 dignitati
1141 1636 1414 1691 serviebat,
1445 1636 1537 1682 sed
1568 1639 1723 1683 etiam

229 1704 607 1766 tranquillitati,
636 1720 752 1749 cum
780 1706 1089 1766 suspiciones
1118 1719 1321 1766 quoque
1349 1707 1538 1749 vitaret
1564 1706 1728 1749 crimi—

229 1788 367 1818 num.
436 1771 550 1829 Quo
577 1770 735 1817 fiebat
761 1778 820 1817 ut
847 1773 953 1816 eius
981 1771 1304 1817 observantia
1329 1771 1562 1817 omnibus
1589 1776 1726 1817 esset

668 1895 684 1921 1
711 1896 814 1947 geri,
837 1895 969 1934 added
991 1895 1042 1946 by
1064 1895 1258 1934 Lambin.

289 2046 306 2071 1
336 2046 602 2096 Optimarum
626 2046 812 2096 partium
834 2046 871 2084 is
895 2046 1146 2097 equivalent
1165 2050 1212 2084 to
1233 2045 1500 2096 optimatium
1523 2047 1724 2096 partium,

232 2100 308 2140 the
329 2100 603 2151 sels-applied
624 2100 897 2151 designation
918 2101 962 2139 of
982 2100 1057 2139 the
1078 2100 1310 2138 senatorial
1332 2104 1474 2151 party.

286 2153 303 2177 ²
333 2153 425 2193 The
444 2153 561 2192 has-ta
582 2153 749 2203 publica
769 2166 857 2192 was
877 2166 903 2191 a
923 2167 1048 2204 spear
1067 2157 1133 2192 set
1149 2166 1210 2205 up
1230 2157 1277 2192 to
1293 2166 1519 2192 announce
1540 2153 1614 2192 the
1634 2153 1722 2193 sale

232 2207 277 2246 of
307 2206 445 2258 booty
475 2207 611 2245 taken
643 2208 687 2245 in
717 2220 819 2247 war.
877 2207 999 2246 Then
1029 2208 1066 2246 it
1096 2220 1217 2246 came
1249 2213 1295 2246 to
1329 2206 1486 2246 denote
1518 2220 1544 2245 a,
1576 2206 1722 2259 public

234 2262 413 2300 auction
433 2260 477 2299 of
498 2273 585 2311 any
605 2260 726 2300 kind.

287 2315 303 2338 ³
331 2314 449 2353 That
469 2315 519 2360 is,
542 2314 595 2352 he
615 2315 720 2353 took
741 2326 797 2353 no
818 2318 917 2365 part
936 2316 981 2352 in
1002 2313 1076 2353 the
1106 2314 1293 2365 farming
1323 2314 1367 2353 of
1395 2313 1471 2353 the
1500 2326 1720 2361 revenues,

233 2367 373 2408 either
401 2381 448 2406 as
478 2381 504 2406 a
534 2368 747 2419 principal
772 2372 998 2418 (manceps)
1020 2380 1067 2406 or
1096 2381 1142 2406 as
1172 2381 1198 2406 a
1227 2371 1377 2419 surety
1403 2381 1451 2407 or
1480 2366 1722 2407 bondsman

234 2424 412 2472 (praes);
443 2421 518 2460 the
538 2422 671 2460 latter
691 2421 845 2461 shared
865 2422 910 2460 in
929 2421 1003 2460 the
1024 2421 1188 2473 profits.

287 2476 303 2499 ⁴
333 2476 469 2514 These
496 2488 605 2514 were
634 2476 844 2527 positions
873 2475 918 2515 of
944 2475 1020 2514 the
1046 2475 1165 2514 third
1192 2475 1301 2514 rank
1329 2474 1466 2514 under
1491 2487 1724 2526 governors

233 2529 278 2568 of
297 2530 537 2581 provinces,
554 2529 629 2568 the
648 2529 807 2569 second
825 2528 934 2568 rank
954 2528 1082 2581 being
1100 2529 1200 2568 that
1220 2529 1265 2568 of
1282 2528 1358 2568 the
1378 2529 1546 2580 leqatvs.
1603 2528 1723 2578 They

234 2604 323 2652 662
