1747 2912
501 169 556 216 L.
609 169 807 214 ANNA
821 169 953 216 EUS
1004 169 1276 217 FLORUS

144 304 319 345 vectus
366 301 419 343 in
468 313 659 359 regem,
700 298 981 344 turbaverit
1029 301 1354 360 coegeritque
1395 301 1631 359 proiectis

89 388 112 426 8
146 379 426 439 insignibus
485 377 677 440 proelio
737 377 998 425 excedere.
1107 378 1295 424 Actum
1354 385 1478 436 erat,
1534 382 1631 426 nisi

145 459 422 521 elephanti,
471 474 710 504 converso
763 461 817 504 in
865 458 1209 521 spectaculum
1256 459 1407 516 bello,
1455 475 1631 525 procu-

144 544 431 597 currissent,
462 555 673 601 quorum
717 555 830 585 cum
869 539 1221 601 magnitudine
1255 546 1365 586 tum
1396 540 1633 587 deformi-

142 628 250 668 tate
293 627 347 667 et
384 637 514 666 novo
556 620 709 666 odore
762 619 909 666 simul
957 637 1014 666 ac
1061 620 1275 667 stridore
1323 624 1634 668 consternati

144 705 277 764 equi,
328 717 441 747 cum
500 704 782 762 incognitas
840 701 933 747 sibi
991 700 1164 747 beluas
1214 701 1428 763 amplius
1483 718 1634 765 quam

144 789 289 829 erant
344 785 733 843 suspicarentur,
780 780 952 843 fugam
1013 787 1336 843 stragemque
1387 782 1490 829 late
1545 782 1634 828 de-

81 871 104 909 9
143 863 343 912 derunt.
420 862 479 906 In
521 861 707 924 Apulia
755 861 941 907 deinde
989 861 1120 924 apud
1165 861 1407 908 Asculum
1453 862 1633 909 melius

144 944 437 990 dimicatum
478 949 556 989 est
596 942 743 988 Curio
785 941 1113 1004 Fabricioque
1152 942 1452 990 consulibus.
1527 942 1634 989 Iam

144 1028 332 1087 quippe
404 1031 565 1070 terror
640 1022 900 1069 beluarum
975 1023 1281 1081 exoleverat,
1351 1030 1404 1070 et
1477 1023 1633 1070 Gaius

145 1106 404 1151 Numicius
430 1110 637 1166 quartae
663 1103 876 1166 legionis
901 1103 1129 1150 hastatus
1153 1107 1300 1151 unius
1335 1103 1634 1166 proboscide

59 1194 106 1233 10
146 1187 336 1232 abscisa
382 1188 509 1230 mori
555 1200 701 1246 posse
744 1184 917 1231 beluas
955 1184 1261 1232 ostenderat.
1354 1185 1534 1247 Itaque
1582 1188 1636 1230 in

144 1270 274 1329 ipsas
307 1265 408 1328 pila
434 1271 675 1327 congesta
712 1271 845 1323 sunt,
872 1271 926 1312 et
960 1269 1013 1311 in
1049 1272 1213 1312 turres
1239 1266 1462 1312 vibratae
1498 1265 1636 1313 faces

145 1354 253 1394 tota
288 1347 509 1393 hostium
547 1349 747 1408 agmina
782 1345 1077 1393 ardentibus
1113 1350 1268 1393 ruinis
1305 1353 1637 1408 operuerunt,

145 1444 240 1475 nec
295 1427 450 1474 alias1
501 1427 631 1473 cladi
683 1427 793 1473 finis
846 1426 944 1474 fuit
998 1443 1146 1490 quam
1203 1444 1302 1473 nox
1359 1427 1635 1486 dirimeret,

145 1515 531 1572 postremusque
578 1507 887 1570 fugientium
936 1524 1024 1555 rex
1083 1512 1191 1570 ipse
1247 1525 1276 1554 a
1333 1508 1638 1555 satellitibus

59 1598 105 1637 11
144 1605 317 1636 umero
354 1593 547 1635 saucius
580 1592 633 1634 in
670 1593 817 1635 armis
854 1592 953 1636 suis
1000 1588 1287 1635 referretur.
1386 1589 1636 1636 Lucaniae

147 1687 380 1733 suprema
418 1687 590 1732 pugna
628 1669 726 1716 fuit
766 1671 995 1716 Arusinis
1039 1686 1162 1733 quos
1205 1676 1387 1716 vocant
1433 1673 1638 1732 campis,

151 1751 361 1798 ducibus
420 1751 582 1797 isdem
640 1751 820 1814 quibus
878 1754 1138 1812 superius;
1206 1750 1293 1796 sed
1361 1757 1471 1797 tum
1527 1757 1638 1798 tota

151 1835 371 1878 victoria.
446 1831 670 1888 Exitum,
718 1847 869 1894 quem
917 1831 1096 1878 datura
1142 1834 1299 1877 virtus
1338 1831 1452 1888 fuit,
1496 1847 1636 1878 casus

60 1920 107 1959 12
141 1912 298 1959 dedit.
390 1912 521 1958 Nam
574 1915 824 1974 provectis
878 1915 930 1957 in
982 1915 1195 1974 primam
1249 1915 1410 1958 aciem
1467 1928 1635 1959 rursus

149 1992 453 2055 elephantis,
501 2009 659 2039 unum
708 2009 769 2039 ex
813 1996 883 2039 eis
935 1992 1131 2055 pullum
1178 1992 1346 2039 adacti
1385 1995 1437 2038 in
1484 1999 1637 2055 caput

146 2074 237 2120 teli
291 2077 452 2136 gravis
499 2077 629 2120 ictus
689 2077 905 2128 avertit3
963 2077 1049 2136 qui
1105 2089 1219 2119 cum
1271 2089 1362 2135 per
1412 2079 1636 2136 stragem

148 2170 347 2201 suorum
373 2170 635 2201 recurrens
662 2154 875 2202 stridore
901 2161 1214 2217 quereretur,
1239 2160 1402 2200 mater
1427 2157 1637 2216 agnovit

225 2310 241 2335 ¹
269 2311 378 2351 alias
421 2312 691 2352 Salmasius:
736 2311 849 2350 alius
892 2312 1025 2353 codd*
1074 2311 1205 2351 citius
1245 2312 1487 2363 Sauppius:
1531 2316 1636 2352 ante

151 2366 322 2406 Aldus:
354 2366 477 2418 prius
496 2366 787 2405 Mommsenus.

778 2511 794 2537 ¹
823 2513 903 2556 279
923 2523 1006 2554 nc.

152 2590 214 2635 60
