1802 2942
653 119 1048 168 CORNELIUS
1093 117 1315 167 NEPOS

235 253 442 306 viventi,
469 249 605 312 quod
631 249 827 295 alienae
854 254 966 295 erat
990 250 1228 304 civitatis,
1253 263 1421 310 neque
1447 245 1585 295 aliud
1607 245 1724 293 huic

184 326 208 364 3
231 315 396 364 defuit
440 333 594 379 quam
637 332 885 379 generosa
927 318 1094 377 stirps.
1161 314 1274 361 Etsi
1317 314 1402 361 ille
1445 313 1724 361 domestico

236 400 431 430 summo
477 399 667 446 genere
714 389 841 438 erat,
887 389 1064 428 tamen
1110 381 1422 428 Macedones
1468 397 1587 428 eum
1629 381 1725 428 sibi

236 450 506 513 aliquando
542 453 784 512 anteponi
817 449 1026 512 indigne
1060 447 1314 504 ferebant,
1347 464 1516 511 neque
1549 454 1725 495 tamen

235 535 336 564 non
370 518 727 580 patiebantur3
779 517 1017 563 vincebat
1051 518 1187 562 enim
1221 531 1396 562 omnes
1432 531 1569 571 cura,
1602 517 1725 579 vigi-

233 584 411 640 lantia,
432 587 701 647 patientia,
724 583 1002 630 calliditate
1027 589 1081 629 et
1104 582 1368 629 celeritate
1390 585 1597 646 ingenii.

184 659 210 696 4
297 651 394 698 Hic
462 650 965 714 peradulescentulus
1035 649 1100 696 ad
1169 652 1444 696 amicitiam
1513 651 1725 696 accessit

235 718 471 781 Philippi,
492 719 752 781 Amyntae
773 717 877 773 filii,
897 717 1141 779 brevique
1165 723 1397 779 tempore
1421 719 1474 762 in
1492 719 1726 763 intimam

235 789 468 848 pervenit
525 784 954 839 familiaritatem3
1029 783 1264 847 fulgebat
1323 786 1458 830 enim
1514 786 1617 829 iam
1673 786 1727 829 in

183 862 208 899 5
234 852 614 899 adulescentulo
651 851 845 899 indoles
880 854 1098 898 virtutis.
1167 850 1352 913 Itaque
1391 867 1509 897 eum
1542 849 1724 897 habuit

237 920 302 966 ad
342 937 550 965 manum
590 920 784 966 scribae
823 918 951 975 loco,
992 918 1129 981 quod
1167 917 1330 964 multo
1371 917 1508 980 apud
1549 917 1726 964 Graios

235 986 645 1033 honorificentius
682 993 761 1033 est
796 1002 950 1048 quam
986 985 1123 1047 apud
1156 984 1425 1031 Romanos.
1492 984 1726 1047 Namque

237 1055 373 1116 apud
413 1071 521 1109 nos,
560 1070 614 1100 re
656 1069 776 1099 vera
815 1056 946 1099 sicut
985 1059 1122 1108 sunt,
1161 1054 1495 1098 mercennarii
1533 1052 1727 1098 scribae

236 1124 620 1175 existimantur3
664 1127 718 1167 at
744 1120 880 1182 apud
903 1119 1012 1166 illos
1040 1136 1067 1166 e
1093 1122 1343 1166 contrario
1364 1119 1384 1150 1
1409 1135 1560 1165 nemo
1585 1118 1652 1166 ad
1673 1118 1728 1166 id

235 1188 452 1234 officium
502 1188 790 1234 admittitur
838 1189 933 1233 nisi
980 1185 1196 1233 honesto
1243 1186 1371 1242 loco,
1421 1192 1475 1232 et
1523 1185 1624 1233 fide
1672 1192 1728 1232 et

236 1255 484 1301 industria
507 1257 730 1317 cognita,
749 1254 881 1317 quod
910 1270 1118 1301 necesse
1145 1260 1225 1300 est
1249 1257 1476 1300 omnium
1500 1252 1727 1300 consilio-

191 1330 214 1368 6
238 1339 350 1368 rum
408 1338 525 1368 eum
583 1338 692 1368 esse
748 1324 1064 1384 participem.
1132 1320 1283 1367 Hunc
1336 1320 1503 1367 locum
1558 1323 1728 1367 tenuit

237 1392 490 1435 amicitiae
560 1389 696 1451 apud
764 1387 1053 1450 Philippum
1123 1404 1279 1434 annos
1347 1394 1565 1449 septem.
1633 1387 1728 1434 Illo

235 1455 525 1511 interfecto,
582 1456 762 1502 eodem
817 1456 980 1518 gradu
1034 1454 1134 1502 fuit
1188 1454 1325 1517 apud
1377 1454 1727 1502 Alexandrum

236 1540 393 1570 annos
421 1523 684 1570 tredecim.
752 1522 1033 1569 Novissimo
1060 1529 1293 1584 tempore
1319 1520 1544 1584 praefuit
1571 1524 1727 1568 etiam

237 1590 429 1637 alterae
466 1593 697 1652 equitum
732 1589 860 1645 alae,
885 1605 1015 1652 quae
1049 1589 1323 1635 Hetaerice
1357 1588 1726 1652 appellabatur.

238 1657 458 1720 Utrique
488 1664 662 1703 autem
689 1660 741 1702 in
768 1656 972 1703 consilio
1001 1672 1202 1719 semper
1229 1654 1394 1703 adfuit
1422 1663 1476 1703 et
1503 1659 1726 1703 omnium

235 1741 405 1771 rerum
426 1723 630 1770 habitus
655 1730 734 1770 est
754 1726 1025 1786 particeps.

294 1790 340 1840 2.
385 1791 676 1837 Alexandro
695 1790 956 1853 Babylone
974 1797 1193 1846 mortuo,
1212 1806 1327 1836 cum
1341 1805 1501 1853 regna
1516 1789 1727 1853 singulis

235 1856 564 1904 familiaribus
604 1858 994 1919 dispertirentur
1033 1864 1088 1904 et
1126 1873 1325 1903 summa
1361 1857 1554 1904 tradita
1592 1863 1728 1904 esset

236 1925 431 1972 tuenda
462 1925 629 1971 eidem
660 1927 740 1971 cui
771 1924 1064 1971 Alexander
1093 1927 1312 1971 moriens
1343 1923 1550 1970 anulum
1580 1940 1727 1971 suum

185 1997 210 2035 2
235 1992 466 2047 dederat,
495 1991 898 2039 Perdiccae—ex
927 2008 1027 2055 quo
1057 2007 1231 2038 omnes
1260 1993 1583 2038 coniecerant
1610 2007 1727 2038 eum

366 2112 383 2137 ²
413 2124 435 2151 e
454 2112 685 2158 contrario,
703 2110 757 2159 R,
774 2111 977 2159 Lamhim
1013 2111 1245 2158 contrario,
1263 2110 1328 2151 the
1344 2110 1454 2151 other
1471 2110 1526 2150 Μ
1526 2110 1607 2151 SS.

298 2262 315 2287 ²
344 2261 458 2300 That
476 2261 528 2307 is,
549 2261 659 2300 from
681 2273 707 2300 a
726 2260 854 2300 noble
873 2259 1156 2300 Macedonian
1174 2259 1340 2312 family.

297 2315 314 2339 ²
342 2315 444 2354 This
466 2314 629 2366 applies
651 2314 754 2366 only
774 2318 822 2354 to
843 2314 949 2354 such
970 2314 1241 2366 exceptional
1262 2313 1471 2365 positione
1491 2326 1539 2354 as
1561 2312 1660 2353 that
1681 2313 1727 2353 of

240 2368 467 2408 Eumenes.
526 2368 661 2407 There
705 2381 813 2407 were
855 2367 1019 2408 similar
1062 2368 1271 2420 positione
1312 2368 1359 2407 in
1402 2367 1563 2413 Rome;
1623 2366 1727 2407 thus

240 2423 409 2461 Horace
444 2434 531 2461 was
567 2421 727 2462 offered
762 2421 837 2461 the
873 2425 972 2474 post
1007 2422 1052 2462 of
1086 2424 1302 2474 secretary
1330 2424 1378 2461 to
1406 2421 1482 2462 the
1514 2420 1727 2474 Emperor

239 2477 459 2527 Augustus
482 2474 617 2526 (Suet.
648 2475 729 2516 Vit.
751 2475 796 2515 H
799 2477 889 2526 or.).

234 2565 327 2615 574
