1802 2942
650 145 1044 194 CORNELIUS
1089 145 1310 195 NEPOS

290 274 338 324 4.
376 274 539 321 Huius
579 281 696 336 post
735 281 955 320 mortem
994 290 1110 321 cum
1149 273 1394 336 populum
1433 273 1605 320 iudicii
1642 275 1718 320 sui

226 345 534 404 paeniteret,
563 341 756 387 multae
786 357 969 387 novem
997 347 1170 403 partes
1201 340 1428 387 detraxit
1457 347 1512 387 et
1541 340 1720 387 decem

227 408 427 455 talenta
473 408 750 463 Cononem,
797 407 955 454 filium
1003 411 1128 463 eius,
1176 408 1242 454 ad
1287 409 1418 453 muri
1464 407 1720 470 quandam

227 483 428 538 partem
470 475 795 522 reficiendam
838 477 984 521 iussit
1027 474 1165 521 dare.
1235 474 1295 520 In
1340 490 1440 536 quo
1483 472 1720 520 fortunae

228 546 446 589 varietas
472 549 551 588 est
575 542 940 588 animadversa.
1009 541 1142 588 Nam
1166 557 1290 603 quos
1317 557 1437 587 avus
1460 557 1630 587 muros
1655 557 1720 587 ex

228 609 451 656 hostium
491 609 682 671 praeda
721 611 919 671 patriae
958 611 1275 663 restituerat,
1317 608 1524 654 eosdem
1562 623 1720 669 nepos

227 693 342 723 cum
376 693 573 723 summa
605 679 883 738 ignominia
915 674 1138 721 familiae
1174 691 1238 721 ex
1273 691 1365 721 sua
1397 690 1453 721 re
1487 673 1720 720 familiari

177 750 201 788 2
225 743 432 789 reficere
479 750 682 789 coactus
733 750 827 789 est.
895 741 1151 788 Timothei
1199 749 1375 787 autem
1422 741 1720 788 moderatae

227 813 574 872 sapientisque
609 813 746 856 vitae
782 826 897 856 cum
932 809 1176 871 pleraque
1212 812 1460 870 possimus
1495 807 1722 870 proferre

228 880 539 932 testimonia,
568 893 668 922 uno
698 880 883 923 erimus
918 878 1166 931 contenti,
1203 875 1339 937 quod
1376 891 1440 921 ex
1477 891 1538 921 eo
1573 873 1722 922 facile

238 947 397 991 conici
421 947 613 1006 poterit
638 960 791 1006 quam
816 959 959 989 carus
985 946 1085 989 suis
1111 941 1281 989 fuerit.
1350 941 1479 988 Cum
1503 941 1722 988 Athenis

229 1010 639 1058 adulescentulus
690 1026 894 1056 causam
946 1010 1157 1065 diceret,
1207 1026 1310 1055 non
1360 1009 1523 1056 solum
1574 1011 1722 1055 amici

227 1082 513 1141 privatique
541 1077 768 1139 hospites
798 1077 863 1123 ad
892 1093 1010 1123 eum
1038 1075 1422 1123 defendendum
1449 1092 1724 1122 convener-

227 1152 338 1200 unt,
364 1146 455 1191 sed
481 1148 637 1191 etiam
661 1147 713 1189 in
747 1147 806 1190 iis
834 1143 1001 1199 Iason,
1026 1150 1272 1206 tyrannus
1298 1142 1607 1198 Thessaliae,
1633 1145 1719 1206 qui

179 1220 204 1259 3
227 1212 311 1258 illo
332 1219 563 1273 tempore
585 1210 684 1257 fuit
704 1214 929 1257 omnium
948 1213 1348 1273 potentissimus.
1417 1209 1515 1256 Hic
1535 1226 1651 1256 cum
1670 1213 1723 1255 in

228 1282 395 1341 patria
434 1282 542 1324 sine
582 1277 886 1324 satellitibus
927 1294 981 1323 se
1020 1284 1193 1324 tutum
1231 1294 1333 1323 non
1373 1277 1723 1333 arbitraretur,

228 1345 461 1392 Athenas
489 1349 597 1392 sine
626 1345 727 1391 ullo
755 1345 1007 1406 praesidio
1035 1347 1176 1391 venit
1203 1347 1440 1406 tantique
1468 1343 1723 1406 hospitem

229 1412 370 1468 fecit,
407 1420 466 1459 ut
489 1412 667 1458 mallet
693 1413 838 1474 ipse1
863 1414 1043 1473 capitis
1078 1411 1359 1473 periculum
1395 1411 1534 1458 adire
1569 1427 1723 1473 quam

228 1479 497 1526 Timotheo
521 1479 585 1525 de
609 1478 747 1525 fama
771 1479 1033 1525 dimicanti
1056 1479 1250 1525 deesse.
1320 1478 1469 1524 Hunc
1484 1478 1723 1524 adversus

228 1554 405 1594 tamen
437 1545 735 1592 Timotheus
765 1553 946 1607 postea
974 1545 1148 1607 populi
1171 1548 1309 1591 iussu
1332 1544 1523 1591 bellum
1546 1548 1724 1608 gessit,

228 1617 427 1676 patriae
451 1616 704 1659 sanctiora
726 1616 836 1659 iura
861 1629 1015 1675 quam
1039 1611 1246 1674 hospitii
1271 1628 1381 1658 esse
1407 1612 1571 1658 duxit.

176 1688 203 1726 4
290 1680 433 1726 Haec
467 1688 700 1726 extrema
732 1679 831 1726 fuit
865 1686 1007 1726 aetas
1041 1682 1406 1740 imperatorum
1440 1677 1723 1725 Athenien·

229 1750 378 1802 sium,
425 1746 712 1809 Iphicratis,
759 1746 1026 1801 Chabriae,
1065 1745 1339 1801 Timothei,
1385 1761 1554 1808 neque
1607 1752 1723 1807 post

226 1814 427 1860 illorum
448 1814 646 1861 obitum
669 1816 937 1876 quisquam
961 1813 1065 1860 dux
1087 1816 1140 1859 in
1161 1812 1248 1859 illa
1270 1813 1395 1859 urbe
1418 1812 1518 1859 fuit
1540 1812 1723 1876 dignus

228 1897 487 1927 memona.

181 1957 204 1994 5
292 1948 453 1994 Venio
507 1964 640 1993 nunc
695 1947 760 1994 ad
813 1945 1142 1993 fortissimum
1196 1949 1358 1992 virum
1411 1948 1722 2008 maximique

231 2015 422 2061 consilii
507 2018 732 2061 omnium
813 2014 1160 2068 barbarorum,
1231 2016 1458 2076 exceptis
1527 2013 1722 2060 duobus

651 2133 668 2158 ¹
696 2135 803 2186 ipse,
832 2133 1035 2185 Wdlfflim
1065 2146 1124 2180 se,
1146 2132 1279 2173 MSS.

298 2284 313 2309 1
343 2283 445 2322 This
465 2296 552 2322 was
571 2283 616 2321 in
638 2283 716 2322 373
739 2293 848 2328 B.c.;
885 2294 932 2321 as
952 2281 1205 2320 Timotheus
1225 2294 1313 2320 was
1333 2281 1438 2320 then
1459 2282 1577 2332 forty
1595 2293 1721 2332 years

239 2338 284 2377 of
307 2350 399 2388 age,
425 2336 754 2376 adulescentulus
777 2337 813 2374 is
837 2335 943 2374 used
966 2335 1152 2374 without
1176 2335 1436 2374 diminutive
1458 2335 1589 2381 force,
1614 2347 1662 2374 as
1684 2335 1722 2374 is

239 2395 318 2430 not
338 2390 521 2428 unusual
540 2391 586 2428 in
607 2389 835 2439 colloquial
855 2388 1022 2440 speech.

296 2445 311 2468 ²
340 2444 537 2493 Hospites
575 2455 684 2481 were
711 2442 835 2481 those
861 2443 907 2481 in
935 2442 1059 2481 other
1086 2444 1222 2480 states
1250 2441 1354 2480 with
1383 2440 1524 2481 whom
1552 2440 1606 2480 he
1634 2440 1721 2479 had

238 2497 441 2536 relations
463 2497 507 2536 of
525 2495 929 2547 guest-friendship;
966 2508 1035 2535 see
1055 2498 1157 2534 note
1181 2496 1219 2541 l,
1242 2508 1283 2546 p.
1305 2497 1401 2535 402.

232 2574 324 2636 508
