<?xml version="1.0" encoding="UTF-8"?>
<!DOCTYPE html PUBLIC "-//W3C//DTD XHTML 1.0 Transitional//EN"
    "http://www.w3.org/TR/xhtml1/DTD/xhtml1-transitional.dtd">
<html xmlns="http://www.w3.org/1999/xhtml" xml:lang="en" lang="en">
 <head>
  <title>
</title>
<meta http-equiv="Content-Type" content="text/html;charset=utf-8" />
  <meta name='ocr-system' content='tesseract 3.04.00' />
  <meta name='ocr-capabilities' content='ocr_page ocr_carea ocr_par ocr_line ocrx_word'/>
</head>
<body>
  <div class='ocr_page' id='page_1' title='image "./lannaeifloriquae00floruoft_0444.png"; bbox 0 0 1802 2942; ppageno 0'>
   <div class='ocr_carea' id='block_1_1' title="bbox 625 211 1284 261">
    <p class='ocr_par' dir='ltr' id='par_1_1' title="bbox 625 211 1284 261">
     <span class='ocr_line' id='line_1_1' title="bbox 625 211 1284 261; baseline 0 -1"><span class='ocrx_word' id='word_1_1' title='bbox 625 213 1019 261; x_wconf 90' lang='lat' dir='ltr'><strong>CORNELIUS</strong></span> <span class='ocrx_word' id='word_1_2' title='bbox 1064 211 1284 261; x_wconf 89' lang='lat' dir='ltr'>NEPOS</span> 
     </span>
    </p>
   </div>
   <div class='ocr_carea' id='block_1_2' title="bbox 155 339 1705 2264">
    <p class='ocr_par' dir='ltr' id='par_1_2' title="bbox 198 339 1694 480">
     <span class='ocr_line' id='line_1_2' title="bbox 199 339 1694 404; baseline 0 -17"><span class='ocrx_word' id='word_1_3' title='bbox 199 356 357 404; x_wconf 90' lang='lat' dir='ltr'><strong>seque</strong></span> <span class='ocrx_word' id='word_1_4' title='bbox 407 340 596 387; x_wconf 88' lang='lat' dir='ltr'><strong>Calliae</strong></span> <span class='ocrx_word' id='word_1_5' title='bbox 645 348 938 403; x_wconf 82' lang='lat' dir='ltr'><strong>nupturam,</strong></span> <span class='ocrx_word' id='word_1_6' title='bbox 987 343 1028 387; x_wconf 93' lang='lat' dir='ltr'><strong>si</strong></span> <span class='ocrx_word' id='word_1_7' title='bbox 1078 356 1140 387; x_wconf 91' lang='lat' dir='ltr'><strong>ea</strong></span> <span class='ocrx_word' id='word_1_8' title='bbox 1189 356 1321 403; x_wconf 91' lang='lat' dir='ltr'><strong>quae</strong></span> <span class='ocrx_word' id='word_1_9' title='bbox 1369 339 1694 403; x_wconf 82' lang='lat' dir='ltr'>polliceretur</span> 
     </span>
     <span class='ocr_line' id='line_1_3' title="bbox 198 420 553 480; baseline 0 -16"><span class='ocrx_word' id='word_1_10' title='bbox 198 420 553 480; x_wconf 76' lang='lat' dir='ltr'><strong>praestitisset.</strong></span> 
     </span>
    </p>

    <p class='ocr_par' dir='ltr' id='par_1_3' title="bbox 201 493 1697 1022">
     <span class='ocr_line' id='line_1_4' title="bbox 263 493 1695 550; baseline -0.003 -6"><span class='ocrx_word' id='word_1_11' title='bbox 263 493 311 546; x_wconf 81' lang='lat'><strong>2.</strong></span> <span class='ocrx_word' id='word_1_12' title='bbox 346 495 455 541; x_wconf 87' lang='lat' dir='ltr'><strong>Tali</strong></span> <span class='ocrx_word' id='word_1_13' title='bbox 491 495 641 542; x_wconf 90' lang='lat' dir='ltr'><strong>modo</strong></span> <span class='ocrx_word' id='word_1_14' title='bbox 679 495 909 542; x_wconf 88' lang='lat' dir='ltr'><strong>custodia</strong></span> <span class='ocrx_word' id='word_1_15' title='bbox 944 494 1206 550; x_wconf 89' lang='lat' dir='ltr'><strong>liberatus,</strong></span> <span class='ocrx_word' id='word_1_16' title='bbox 1245 494 1424 541; x_wconf 87' lang='lat' dir='ltr'>Cimon</span> <span class='ocrx_word' id='word_1_17' title='bbox 1460 494 1695 542; x_wconf 84' lang='lat' dir='ltr'><strong>celeriter</strong></span> 
     </span>
     <span class='ocr_line' id='line_1_5' title="bbox 201 571 1696 635; baseline 0 -17"><span class='ocrx_word' id='word_1_18' title='bbox 201 572 266 619; x_wconf 89' lang='lat' dir='ltr'><strong>ad</strong></span> <span class='ocrx_word' id='word_1_19' title='bbox 298 576 637 635; x_wconf 77' lang='lat' dir='ltr'><strong>principatum</strong></span> <span class='ocrx_word' id='word_1_20' title='bbox 671 575 920 635; x_wconf 90' lang='lat' dir='ltr'><strong>pervenit.</strong></span> <span class='ocrx_word' id='word_1_21' title='bbox 989 572 1232 618; x_wconf 84' lang='lat' dir='ltr'><strong>Habebat</strong></span> <span class='ocrx_word' id='word_1_22' title='bbox 1267 575 1402 618; x_wconf 90' lang='lat' dir='ltr'><strong>enim</strong></span> <span class='ocrx_word' id='word_1_23' title='bbox 1436 575 1558 618; x_wconf 87' lang='lat' dir='ltr'><strong>satis</strong></span> <span class='ocrx_word' id='word_1_24' title='bbox 1594 571 1696 618; x_wconf 90' lang='lat' dir='ltr'><strong>elo-</strong></span> 
     </span>
     <span class='ocr_line' id='line_1_6' title="bbox 202 649 1697 712; baseline 0 -16"><span class='ocrx_word' id='word_1_25' title='bbox 202 653 461 712; x_wconf 75' lang='lat' dir='ltr'><strong>quentiae,</strong></span> <span class='ocrx_word' id='word_1_26' title='bbox 499 667 748 696; x_wconf 88' lang='lat' dir='ltr'><strong>summam</strong></span> <span class='ocrx_word' id='word_1_27' title='bbox 783 649 1164 705; x_wconf 88' lang='lat' dir='ltr'><strong>liberalitatem,</strong></span> <span class='ocrx_word' id='word_1_28' title='bbox 1200 666 1440 712; x_wconf 85' lang='lat' dir='ltr'><strong>magnam</strong></span> <span class='ocrx_word' id='word_1_29' title='bbox 1476 649 1697 711; x_wconf 91' lang='lat' dir='ltr'><strong>pruden-</strong></span> 
     </span>
     <span class='ocr_line' id='line_1_7' title="bbox 201 727 1695 789; baseline -0.001 -15"><span class='ocrx_word' id='word_1_30' title='bbox 201 730 327 774; x_wconf 85' lang='lat' dir='ltr'><strong>tiam</strong></span> <span class='ocrx_word' id='word_1_31' title='bbox 364 744 478 774; x_wconf 89' lang='lat' dir='ltr'><strong>cum</strong></span> <span class='ocrx_word' id='word_1_32' title='bbox 514 730 632 774; x_wconf 90' lang='lat' dir='ltr'><strong>iuris</strong></span> <span class='ocrx_word' id='word_1_33' title='bbox 671 727 823 773; x_wconf 88' lang='lat' dir='ltr'><strong>civilis</strong></span> <span class='ocrx_word' id='word_1_34' title='bbox 861 734 974 773; x_wconf 91' lang='lat' dir='ltr'><strong>tum</strong></span> <span class='ocrx_word' id='word_1_35' title='bbox 1009 729 1083 773; x_wconf 92' lang='lat' dir='ltr'><strong>rei</strong></span> <span class='ocrx_word' id='word_1_36' title='bbox 1118 727 1367 781; x_wconf 84' lang='lat' dir='ltr'><strong>militaris,</strong></span> <span class='ocrx_word' id='word_1_37' title='bbox 1405 727 1543 789; x_wconf 91' lang='lat' dir='ltr'><strong>quod</strong></span> <span class='ocrx_word' id='word_1_38' title='bbox 1578 743 1695 772; x_wconf 92' lang='lat' dir='ltr'><strong>cum</strong></span> 
     </span>
     <span class='ocr_line' id='line_1_8' title="bbox 202 803 1697 867; baseline -0.001 -16"><span class='ocrx_word' id='word_1_39' title='bbox 202 812 349 867; x_wconf 91' lang='lat' dir='ltr'><strong>patre</strong></span> <span class='ocrx_word' id='word_1_40' title='bbox 373 822 401 851; x_wconf 90' lang='lat' dir='ltr'><strong>a</strong></span> <span class='ocrx_word' id='word_1_41' title='bbox 423 822 580 867; x_wconf 90' lang='lat' dir='ltr'><strong>puero</strong></span> <span class='ocrx_word' id='word_1_42' title='bbox 602 808 654 850; x_wconf 90' lang='lat' dir='ltr'><strong>in</strong></span> <span class='ocrx_word' id='word_1_43' title='bbox 678 805 982 850; x_wconf 79' lang='lat' dir='ltr'><strong>exercitibus</strong></span> <span class='ocrx_word' id='word_1_44' title='bbox 1005 803 1175 850; x_wconf 91' lang='lat' dir='ltr'><strong>fuerat</strong></span> <span class='ocrx_word' id='word_1_45' title='bbox 1195 811 1440 850; x_wconf 85' lang='lat' dir='ltr'><strong>versatus.</strong></span> <span class='ocrx_word' id='word_1_46' title='bbox 1510 803 1697 867; x_wconf 88' lang='lat' dir='ltr'><strong>Itaque</strong></span> 
     </span>
     <span class='ocr_line' id='line_1_9' title="bbox 204 881 1696 944; baseline 0.001 -17"><span class='ocrx_word' id='word_1_47' title='bbox 204 881 283 928; x_wconf 91' lang='lat' dir='ltr'><strong>hic</strong></span> <span class='ocrx_word' id='word_1_48' title='bbox 314 889 367 929; x_wconf 91' lang='lat' dir='ltr'><strong>et</strong></span> <span class='ocrx_word' id='word_1_49' title='bbox 395 882 638 944; x_wconf 91' lang='lat' dir='ltr'><strong>populum</strong></span> <span class='ocrx_word' id='word_1_50' title='bbox 668 882 919 928; x_wconf 90' lang='lat' dir='ltr'><strong>urbanum</strong></span> <span class='ocrx_word' id='word_1_51' title='bbox 947 884 1000 927; x_wconf 92' lang='lat' dir='ltr'><strong>in</strong></span> <span class='ocrx_word' id='word_1_52' title='bbox 1029 898 1120 927; x_wconf 89' lang='lat' dir='ltr'><strong>sua</strong></span> <span class='ocrx_word' id='word_1_53' title='bbox 1148 884 1318 928; x_wconf 89' lang='lat' dir='ltr'><strong>tenuit</strong></span> <span class='ocrx_word' id='word_1_54' title='bbox 1346 888 1609 943; x_wconf 87' lang='lat' dir='ltr'><strong>potestate</strong></span> <span class='ocrx_word' id='word_1_55' title='bbox 1641 888 1696 928; x_wconf 91' lang='lat' dir='ltr'><strong>et</strong></span> 
     </span>
     <span class='ocr_line' id='line_1_10' title="bbox 205 958 1478 1022; baseline -0.001 -16"><span class='ocrx_word' id='word_1_56' title='bbox 205 960 341 1022; x_wconf 88' lang='lat' dir='ltr'><strong>apud</strong></span> <span class='ocrx_word' id='word_1_57' title='bbox 368 963 648 1006; x_wconf 85' lang='lat' dir='ltr'><strong>exercitum</strong></span> <span class='ocrx_word' id='word_1_58' title='bbox 673 959 945 1022; x_wconf 89' lang='lat' dir='ltr'><strong>plurimum</strong></span> <span class='ocrx_word' id='word_1_59' title='bbox 971 958 1130 1005; x_wconf 87' lang='lat' dir='ltr'><strong>valuit</strong></span> <span class='ocrx_word' id='word_1_60' title='bbox 1156 961 1478 1005; x_wconf 88' lang='lat' dir='ltr'><strong>auctoritate.</strong></span> 
     </span>
    </p>

    <p class='ocr_par' dir='ltr' id='par_1_4' title="bbox 155 1035 1702 1487">
     <span class='ocr_line' id='line_1_11' title="bbox 155 1035 1695 1099; baseline 0.001 -18"><span class='ocrx_word' id='word_1_61' title='bbox 155 1043 180 1080; x_wconf 89' lang='grc'>2</span> <span class='ocrx_word' id='word_1_62' title='bbox 266 1036 491 1083; x_wconf 91' lang='lat' dir='ltr'><strong>Primum</strong></span> <span class='ocrx_word' id='word_1_63' title='bbox 513 1040 789 1099; x_wconf 89' lang='lat' dir='ltr'><strong>imperator</strong></span> <span class='ocrx_word' id='word_1_64' title='bbox 814 1036 950 1099; x_wconf 87' lang='lat' dir='ltr'><strong>apud</strong></span> <span class='ocrx_word' id='word_1_65' title='bbox 972 1035 1163 1082; x_wconf 91' lang='lat' dir='ltr'><strong>flumen</strong></span> <span class='ocrx_word' id='word_1_66' title='bbox 1187 1035 1459 1099; x_wconf 86' lang='lat' dir='ltr'><strong>Strymona</strong></span> <span class='ocrx_word' id='word_1_67' title='bbox 1482 1052 1695 1099; x_wconf 87' lang='lat' dir='ltr'><strong>magnas</strong></span> 
     </span>
     <span class='ocr_line' id='line_1_12' title="bbox 206 1113 1699 1178; baseline -0.001 -17"><span class='ocrx_word' id='word_1_68' title='bbox 206 1118 373 1177; x_wconf 87' lang='lat' dir='ltr'><strong>copias</strong></span> <span class='ocrx_word' id='word_1_69' title='bbox 397 1114 680 1161; x_wconf 91' lang='lat' dir='ltr'><strong>Thraecum</strong></span> <span class='ocrx_word' id='word_1_70' title='bbox 704 1113 918 1178; x_wconf 81' lang='lat' dir='ltr'><strong>fugavit,</strong></span> <span class='ocrx_word' id='word_1_71' title='bbox 944 1114 1187 1176; x_wconf 87' lang='lat' dir='ltr'><strong>oppidum</strong></span> <span class='ocrx_word' id='word_1_72' title='bbox 1212 1113 1558 1176; x_wconf 89' lang='lat' dir='ltr'><strong>Amphipolim</strong></span> <span class='ocrx_word' id='word_1_73' title='bbox 1582 1130 1699 1160; x_wconf 91' lang='lat' dir='ltr'><strong>con-</strong></span> 
     </span>
     <span class='ocr_line' id='line_1_13' title="bbox 206 1190 1698 1255; baseline -0.001 -17"><span class='ocrx_word' id='word_1_74' title='bbox 206 1195 375 1238; x_wconf 88' lang='lat' dir='ltr'><strong>stituit</strong></span> <span class='ocrx_word' id='word_1_75' title='bbox 401 1209 562 1255; x_wconf 93' lang='lat' dir='ltr'><strong>eoque</strong></span> <span class='ocrx_word' id='word_1_76' title='bbox 589 1193 767 1239; x_wconf 91' lang='lat' dir='ltr'><strong>decem</strong></span> <span class='ocrx_word' id='word_1_77' title='bbox 792 1192 931 1238; x_wconf 90' lang='lat' dir='ltr'><strong>milia</strong></span> <span class='ocrx_word' id='word_1_78' title='bbox 956 1191 1348 1238; x_wconf 89' lang='lat' dir='ltr'><strong>Atheniensium</strong></span> <span class='ocrx_word' id='word_1_79' title='bbox 1372 1194 1425 1237; x_wconf 90' lang='lat' dir='ltr'><strong>in</strong></span> <span class='ocrx_word' id='word_1_80' title='bbox 1450 1190 1698 1238; x_wconf 89' lang='lat' dir='ltr'><strong>coloniam</strong></span> 
     </span>
     <span class='ocr_line' id='line_1_14' title="bbox 206 1268 1700 1332; baseline 0.001 -17"><span class='ocrx_word' id='word_1_81' title='bbox 206 1273 358 1316; x_wconf 90' lang='lat' dir='ltr'><strong>misit.</strong></span> <span class='ocrx_word' id='word_1_82' title='bbox 427 1270 572 1316; x_wconf 90' lang='lat' dir='ltr'><strong>Idem</strong></span> <span class='ocrx_word' id='word_1_83' title='bbox 611 1273 798 1316; x_wconf 91' lang='lat' dir='ltr'><strong>iterum</strong></span> <span class='ocrx_word' id='word_1_84' title='bbox 841 1269 977 1331; x_wconf 88' lang='lat' dir='ltr'><strong>apud</strong></span> <span class='ocrx_word' id='word_1_85' title='bbox 1020 1269 1260 1332; x_wconf 92' lang='lat' dir='ltr'><strong>Mycalen</strong></span> <span class='ocrx_word' id='word_1_86' title='bbox 1303 1268 1603 1332; x_wconf 89' lang='lat' dir='ltr'><strong>Cypriorum</strong></span> <span class='ocrx_word' id='word_1_87' title='bbox 1645 1275 1700 1316; x_wconf 86' lang='lat' dir='ltr'><strong>et</strong></span> 
     </span>
     <span class='ocr_line' id='line_1_15' title="bbox 209 1346 1702 1394; baseline -0.001 -1"><span class='ocrx_word' id='word_1_88' title='bbox 209 1346 517 1394; x_wconf 90' lang='lat' dir='ltr'><strong>Phoenicum</strong></span> <span class='ocrx_word' id='word_1_89' title='bbox 561 1347 897 1394; x_wconf 89' lang='lat' dir='ltr'><strong>ducentarum</strong></span> <span class='ocrx_word' id='word_1_90' title='bbox 940 1349 1145 1392; x_wconf 90' lang='lat' dir='ltr'><strong>navium</strong></span> <span class='ocrx_word' id='word_1_91' title='bbox 1190 1346 1402 1392; x_wconf 91' lang='lat' dir='ltr'><strong>classem</strong></span> <span class='ocrx_word' id='word_1_92' title='bbox 1446 1346 1702 1393; x_wconf 90' lang='lat' dir='ltr'><strong>devictam</strong></span> 
     </span>
     <span class='ocr_line' id='line_1_16' title="bbox 207 1423 1697 1487; baseline -0.001 -16"><span class='ocrx_word' id='word_1_93' title='bbox 207 1428 344 1487; x_wconf 90' lang='lat' dir='ltr'><strong>cepit</strong></span> <span class='ocrx_word' id='word_1_94' title='bbox 378 1425 660 1487; x_wconf 92' lang='lat' dir='ltr'><strong>eodemque</strong></span> <span class='ocrx_word' id='word_1_95' title='bbox 695 1425 776 1471; x_wconf 89' lang='lat' dir='ltr'><strong>die</strong></span> <span class='ocrx_word' id='word_1_96' title='bbox 810 1427 920 1487; x_wconf 90' lang='lat' dir='ltr'><strong>pari</strong></span> <span class='ocrx_word' id='word_1_97' title='bbox 952 1423 1157 1470; x_wconf 88' lang='lat' dir='ltr'><strong>fortuna</strong></span> <span class='ocrx_word' id='word_1_98' title='bbox 1189 1427 1242 1470; x_wconf 90' lang='lat' dir='ltr'><strong>in</strong></span> <span class='ocrx_word' id='word_1_99' title='bbox 1274 1431 1413 1470; x_wconf 91' lang='lat' dir='ltr'><strong>terra</strong></span> <span class='ocrx_word' id='word_1_100' title='bbox 1446 1440 1564 1470; x_wconf 90' lang='lat' dir='ltr'><strong>usus</strong></span> <span class='ocrx_word' id='word_1_101' title='bbox 1601 1430 1697 1470; x_wconf 90' lang='lat' dir='ltr'><strong>est.</strong></span> 
     </span>
    </p>

    <p class='ocr_par' dir='ltr' id='par_1_5' title="bbox 159 1501 1701 1642">
     <span class='ocr_line' id='line_1_17' title="bbox 159 1501 1696 1565; baseline -0.001 -16"><span class='ocrx_word' id='word_1_102' title='bbox 159 1510 184 1549; x_wconf 89' lang='lat'><strong>3</strong></span> <span class='ocrx_word' id='word_1_103' title='bbox 208 1502 440 1565; x_wconf 86' lang='lat' dir='ltr'><strong>Namque</strong></span> <span class='ocrx_word' id='word_1_104' title='bbox 481 1502 703 1549; x_wconf 88' lang='lat' dir='ltr'><strong>hostium</strong></span> <span class='ocrx_word' id='word_1_105' title='bbox 743 1503 954 1548; x_wconf 91' lang='lat' dir='ltr'><strong>navibus</strong></span> <span class='ocrx_word' id='word_1_106' title='bbox 995 1505 1174 1564; x_wconf 90' lang='lat' dir='ltr'><strong>captis,</strong></span> <span class='ocrx_word' id='word_1_107' title='bbox 1215 1505 1391 1548; x_wconf 87' lang='lat' dir='ltr'><strong>statim</strong></span> <span class='ocrx_word' id='word_1_108' title='bbox 1432 1517 1497 1548; x_wconf 83' lang='lat' dir='ltr'><strong>ex</strong></span> <span class='ocrx_word' id='word_1_109' title='bbox 1537 1501 1696 1548; x_wconf 89' lang='lat' dir='ltr'><strong>classe</strong></span> 
     </span>
     <span class='ocr_line' id='line_1_18' title="bbox 208 1580 1701 1642; baseline -0.001 -16"><span class='ocrx_word' id='word_1_110' title='bbox 208 1583 374 1642; x_wconf 87' lang='lat' dir='ltr'><strong>copias</strong></span> <span class='ocrx_word' id='word_1_111' title='bbox 419 1597 533 1626; x_wconf 88' lang='lat' dir='ltr'><strong>suas</strong></span> <span class='ocrx_word' id='word_1_112' title='bbox 579 1580 758 1626; x_wconf 83' lang='lat' dir='ltr'><strong>eduxit</strong></span> <span class='ocrx_word' id='word_1_113' title='bbox 800 1580 1232 1642; x_wconf 89' lang='lat' dir='ltr'><strong>barbarorumque</strong></span> <span class='ocrx_word' id='word_1_114' title='bbox 1275 1582 1553 1625; x_wconf 83' lang='lat' dir='ltr'><strong>maximam</strong></span> <span class='ocrx_word' id='word_1_115' title='bbox 1597 1581 1701 1625; x_wconf 91' lang='lat' dir='ltr'><strong>vim</strong></span> 
     </span>
    </p>

    <p class='ocr_par' dir='ltr' id='par_1_6' title="bbox 158 1656 1704 1945">
     <span class='ocr_line' id='line_1_19' title="bbox 158 1656 1703 1720; baseline 0 -18"><span class='ocrx_word' id='word_1_116' title='bbox 158 1664 184 1701; x_wconf 88' lang='lat'>4</span> <span class='ocrx_word' id='word_1_117' title='bbox 208 1674 307 1704; x_wconf 91' lang='lat' dir='ltr'><strong>uno</strong></span> <span class='ocrx_word' id='word_1_118' title='bbox 327 1674 569 1704; x_wconf 87' lang='lat' dir='ltr'><strong>concursu</strong></span> <span class='ocrx_word' id='word_1_119' title='bbox 588 1660 876 1719; x_wconf 87' lang='lat' dir='ltr'><strong>prostravit.</strong></span> <span class='ocrx_word' id='word_1_120' title='bbox 945 1656 1060 1716; x_wconf 82' lang='lat' dir='ltr'><strong>Qua</strong></span> <span class='ocrx_word' id='word_1_121' title='bbox 1077 1659 1286 1703; x_wconf 90' lang='lat' dir='ltr'><strong>victoria</strong></span> <span class='ocrx_word' id='word_1_122' title='bbox 1303 1673 1492 1720; x_wconf 85' lang='lat' dir='ltr'><strong>magna</strong></span> <span class='ocrx_word' id='word_1_123' title='bbox 1509 1656 1703 1719; x_wconf 90' lang='lat' dir='ltr'><strong>praeda</strong></span> 
     </span>
     <span class='ocr_line' id='line_1_20' title="bbox 209 1734 1702 1797; baseline 0 -16"><span class='ocrx_word' id='word_1_124' title='bbox 209 1738 402 1797; x_wconf 89' lang='lat' dir='ltr'><strong>potitus</strong></span> <span class='ocrx_word' id='word_1_125' title='bbox 421 1752 535 1781; x_wconf 91' lang='lat' dir='ltr'><strong>cum</strong></span> <span class='ocrx_word' id='word_1_126' title='bbox 553 1736 760 1782; x_wconf 92' lang='lat' dir='ltr'><strong>domum</strong></span> <span class='ocrx_word' id='word_1_127' title='bbox 777 1741 1138 1790; x_wconf 87' lang='lat' dir='ltr'><strong>reverteretur,</strong></span> <span class='ocrx_word' id='word_1_128' title='bbox 1158 1734 1293 1797; x_wconf 93' lang='lat' dir='ltr'><strong>quod</strong></span> <span class='ocrx_word' id='word_1_129' title='bbox 1309 1737 1411 1780; x_wconf 91' lang='lat' dir='ltr'><strong>iam</strong></span> <span class='ocrx_word' id='word_1_130' title='bbox 1429 1734 1702 1781; x_wconf 87' lang='lat' dir='ltr'><strong>nonnullae</strong></span> 
     </span>
     <span class='ocr_line' id='line_1_21' title="bbox 209 1810 1703 1874; baseline 0.001 -17"><span class='ocrx_word' id='word_1_131' title='bbox 209 1812 402 1858; x_wconf 91' lang='lat' dir='ltr'><strong>insulae</strong></span> <span class='ocrx_word' id='word_1_132' title='bbox 424 1820 633 1874; x_wconf 87' lang='lat' dir='ltr'><strong>propter</strong></span> <span class='ocrx_word' id='word_1_133' title='bbox 656 1813 990 1859; x_wconf 89' lang='lat' dir='ltr'><strong>acerbitatem</strong></span> <span class='ocrx_word' id='word_1_134' title='bbox 1012 1815 1210 1874; x_wconf 90' lang='lat' dir='ltr'><strong>imperii</strong></span> <span class='ocrx_word' id='word_1_135' title='bbox 1234 1810 1547 1867; x_wconf 89' lang='lat' dir='ltr'><strong>defecerant,</strong></span> <span class='ocrx_word' id='word_1_136' title='bbox 1568 1812 1703 1858; x_wconf 92' lang='lat' dir='ltr'><strong>bene</strong></span> 
     </span>
     <span class='ocr_line' id='line_1_22' title="bbox 211 1889 1704 1945; baseline 0.001 -10"><span class='ocrx_word' id='word_1_137' title='bbox 211 1893 459 1936; x_wconf 85' lang='lat' dir='ltr'><strong>animatas</strong></span> <span class='ocrx_word' id='word_1_138' title='bbox 503 1890 834 1945; x_wconf 84' lang='lat' dir='ltr'><strong>confirmavit,</strong></span> <span class='ocrx_word' id='word_1_139' title='bbox 879 1889 1123 1936; x_wconf 89' lang='lat' dir='ltr'><strong>alienatas</strong></span> <span class='ocrx_word' id='word_1_140' title='bbox 1169 1889 1234 1936; x_wconf 92' lang='lat' dir='ltr'><strong>ad</strong></span> <span class='ocrx_word' id='word_1_141' title='bbox 1277 1889 1493 1936; x_wconf 92' lang='lat' dir='ltr'><strong>officium</strong></span> <span class='ocrx_word' id='word_1_142' title='bbox 1536 1889 1704 1936; x_wconf 85' lang='lat' dir='ltr'><strong>redire</strong></span> 
     </span>
    </p>

    <p class='ocr_par' dir='ltr' id='par_1_7' title="bbox 159 1966 1705 2264">
     <span class='ocr_line' id='line_1_23' title="bbox 159 1966 1705 2031; baseline 0.001 -18"><span class='ocrx_word' id='word_1_143' title='bbox 159 1976 185 2013; x_wconf 84' lang='lat'><em>5</em></span> <span class='ocrx_word' id='word_1_144' title='bbox 209 1971 391 2030; x_wconf 85' lang='lat' dir='ltr'><strong>coegit.</strong></span> <span class='ocrx_word' id='word_1_145' title='bbox 461 1967 710 2031; x_wconf 76' lang='lat' dir='ltr'><strong>Scyrum,1</strong></span> <span class='ocrx_word' id='word_1_146' title='bbox 747 1984 901 2030; x_wconf 93' lang='lat' dir='ltr'><strong>quam</strong></span> <span class='ocrx_word' id='word_1_147' title='bbox 939 1983 998 2014; x_wconf 93' lang='lat' dir='ltr'><strong>eo</strong></span> <span class='ocrx_word' id='word_1_148' title='bbox 1035 1974 1268 2029; x_wconf 89' lang='lat' dir='ltr'><strong>tempore</strong></span> <span class='ocrx_word' id='word_1_149' title='bbox 1306 1966 1531 2029; x_wconf 92' lang='lat' dir='ltr'><strong>Dolopes</strong></span> <span class='ocrx_word' id='word_1_150' title='bbox 1568 1969 1705 2014; x_wconf 90' lang='lat' dir='ltr'><strong>inco-</strong></span> 
     </span>
     <span class='ocr_line' id='line_1_24' title="bbox 211 2043 1704 2108; baseline 0.001 -18"><span class='ocrx_word' id='word_1_151' title='bbox 211 2044 403 2100; x_wconf 88' lang='lat' dir='ltr'><strong>lebant,</strong></span> <span class='ocrx_word' id='word_1_152' title='bbox 441 2045 576 2108; x_wconf 91' lang='lat' dir='ltr'><strong>quod</strong></span> <span class='ocrx_word' id='word_1_153' title='bbox 613 2047 958 2092; x_wconf 86' lang='lat' dir='ltr'><strong>contumacius</strong></span> <span class='ocrx_word' id='word_1_154' title='bbox 995 2061 1048 2091; x_wconf 92' lang='lat' dir='ltr'><strong>se</strong></span> <span class='ocrx_word' id='word_1_155' title='bbox 1085 2051 1367 2108; x_wconf 85' lang='lat' dir='ltr'><strong>gesserant,</strong></span> <span class='ocrx_word' id='word_1_156' title='bbox 1404 2043 1704 2100; x_wconf 87' lang='lat' dir='ltr'><strong>vacuefecit,</strong></span> 
     </span>
     <span class='ocr_line' id='line_1_25' title="bbox 212 2122 1704 2186; baseline 0.001 -18"><span class='ocrx_word' id='word_1_157' title='bbox 212 2138 428 2169; x_wconf 85' lang='lat' dir='ltr'><strong>sessores</strong></span> <span class='ocrx_word' id='word_1_158' title='bbox 459 2130 658 2169; x_wconf 88' lang='lat' dir='ltr'><strong>veteres</strong></span> <span class='ocrx_word' id='word_1_159' title='bbox 688 2123 814 2169; x_wconf 93' lang='lat' dir='ltr'><strong>urbe</strong></span> <span class='ocrx_word' id='word_1_160' title='bbox 843 2122 1108 2185; x_wconf 88' lang='lat' dir='ltr'><strong>insulaque</strong></span> <span class='ocrx_word' id='word_1_161' title='bbox 1140 2125 1307 2178; x_wconf 90' lang='lat' dir='ltr'><strong>eiecit,</strong></span> <span class='ocrx_word' id='word_1_162' title='bbox 1339 2138 1484 2186; x_wconf 87' lang='lat' dir='ltr'><strong>agros</strong></span> <span class='ocrx_word' id='word_1_163' title='bbox 1515 2123 1704 2169; x_wconf 89' lang='lat' dir='ltr'><strong>civibus</strong></span> 
     </span>
     <span class='ocr_line' id='line_1_26' title="bbox 212 2198 1702 2264; baseline 0.001 -18"><span class='ocrx_word' id='word_1_164' title='bbox 212 2199 394 2246; x_wconf 81' lang='lat' dir='ltr'><strong>divisit.</strong></span> <span class='ocrx_word' id='word_1_165' title='bbox 462 2199 668 2246; x_wconf 88' lang='lat' dir='ltr'><strong>Thasios</strong></span> <span class='ocrx_word' id='word_1_166' title='bbox 695 2199 956 2263; x_wconf 91' lang='lat' dir='ltr'><strong>opulentia</strong></span> <span class='ocrx_word' id='word_1_167' title='bbox 980 2199 1138 2246; x_wconf 91' lang='lat' dir='ltr'><strong>fretos</strong></span> <span class='ocrx_word' id='word_1_168' title='bbox 1162 2216 1252 2247; x_wconf 88' lang='lat' dir='ltr'><strong>suo</strong></span> <span class='ocrx_word' id='word_1_169' title='bbox 1279 2199 1504 2247; x_wconf 89' lang='lat' dir='ltr'><strong>adventu</strong></span> <span class='ocrx_word' id='word_1_170' title='bbox 1532 2198 1702 2264; x_wconf 86' lang='lat' dir='ltr'><strong>fregit.</strong></span> 
     </span>
    </p>
   </div>
   <div class='ocr_carea' id='block_1_3' title="bbox 307 2320 1613 2373">
    <p class='ocr_par' dir='ltr' id='par_1_8' title="bbox 307 2320 1613 2373">
     <span class='ocr_line' id='line_1_27' title="bbox 307 2320 1613 2373; baseline 0 -13"><span class='ocrx_word' id='word_1_171' title='bbox 307 2321 324 2345; x_wconf 85' lang='lat'>1</span> <span class='ocrx_word' id='word_1_172' title='bbox 352 2320 548 2372; x_wconf 86' lang='lat' dir='ltr'><strong>Scyrum,</strong></span> <span class='ocrx_word' id='word_1_173' title='bbox 568 2334 611 2368; x_wconf 82' lang='lat' dir='ltr'><strong>u,</strong></span> <span class='ocrx_word' id='word_1_174' title='bbox 632 2320 716 2360; x_wconf 78' lang='lat' dir='ltr'><strong>and</strong></span> <span class='ocrx_word' id='word_1_175' title='bbox 736 2334 845 2361; x_wconf 79' lang='lat' dir='ltr'><strong>some</strong></span> <span class='ocrx_word' id='word_1_176' title='bbox 865 2320 1039 2372; x_wconf 82' lang='lat' dir='ltr'><strong>inferior</strong></span> <span class='ocrx_word' id='word_1_177' title='bbox 1058 2320 1112 2359; x_wconf 88' lang='lat' dir='ltr'><strong><em>M</em></strong></span> <span class='ocrx_word' id='word_1_178' title='bbox 1113 2320 1216 2368; x_wconf 82' lang='lat' dir='ltr'><strong><em>SS.;</em></strong></span> <span class='ocrx_word' id='word_1_179' title='bbox 1252 2320 1459 2373; x_wconf 87' lang='lat' dir='ltr'><strong>Cyprum,</strong></span> <span class='ocrx_word' id='word_1_180' title='bbox 1479 2320 1613 2360; x_wconf 81' lang='lat' dir='ltr'><strong><em>MSS.</em></strong></span> 
     </span>
    </p>
   </div>
   <div class='ocr_carea' id='block_1_4' title="bbox 215 2452 1705 2612">
    <p class='ocr_par' dir='ltr' id='par_1_9' title="bbox 215 2452 1705 2612">
     <span class='ocr_line' id='line_1_28' title="bbox 276 2452 1705 2505; baseline 0.001 -14"><span class='ocrx_word' id='word_1_181' title='bbox 276 2453 292 2477; x_wconf 84' lang='lat'>1</span> <span class='ocrx_word' id='word_1_182' title='bbox 322 2453 424 2492; x_wconf 86' lang='lat' dir='ltr'><strong>This</strong></span> <span class='ocrx_word' id='word_1_183' title='bbox 448 2466 535 2492; x_wconf 85' lang='lat' dir='ltr'><strong>was</strong></span> <span class='ocrx_word' id='word_1_184' title='bbox 559 2457 638 2492; x_wconf 85' lang='lat' dir='ltr'><strong>not</strong></span> <span class='ocrx_word' id='word_1_185' title='bbox 662 2457 710 2492; x_wconf 83' lang='lat' dir='ltr'><strong>at</strong></span> <span class='ocrx_word' id='word_1_186' title='bbox 734 2453 916 2505; x_wconf 83' lang='lat' dir='ltr'><strong>Mycale,</strong></span> <span class='ocrx_word' id='word_1_187' title='bbox 942 2452 1023 2492; x_wconf 85' lang='lat' dir='ltr'><strong>but</strong></span> <span class='ocrx_word' id='word_1_188' title='bbox 1047 2456 1096 2492; x_wconf 72' lang='lat' dir='ltr'><strong>at</strong></span> <span class='ocrx_word' id='word_1_189' title='bbox 1119 2453 1195 2492; x_wconf 84' lang='lat' dir='ltr'><strong>the</strong></span> <span class='ocrx_word' id='word_1_190' title='bbox 1219 2454 1332 2492; x_wconf 86' lang='lat' dir='ltr'><strong>river</strong></span> <span class='ocrx_word' id='word_1_191' title='bbox 1355 2452 1636 2505; x_wconf 82' lang='lat' dir='ltr'><strong>Eurymedon</strong></span> <span class='ocrx_word' id='word_1_192' title='bbox 1657 2454 1705 2492; x_wconf 89' lang='lat' dir='ltr'><strong>in</strong></span> 
     </span>
     <span class='ocr_line' id='line_1_29' title="bbox 215 2506 1703 2559; baseline 0.001 -14"><span class='ocrx_word' id='word_1_193' title='bbox 215 2506 476 2557; x_wconf 85' lang='lat' dir='ltr'><strong>Pamphylia</strong></span> <span class='ocrx_word' id='word_1_194' title='bbox 501 2508 547 2545; x_wconf 88' lang='lat' dir='ltr'><strong>in</strong></span> <span class='ocrx_word' id='word_1_195' title='bbox 575 2508 656 2546; x_wconf 84' lang='lat'><strong>468</strong></span> <span class='ocrx_word' id='word_1_196' title='bbox 685 2518 793 2553; x_wconf 80' lang='grc' dir='ltr'><strong>Β.ο.;</strong></span> <span class='ocrx_word' id='word_1_197' title='bbox 837 2506 913 2545; x_wconf 84' lang='lat' dir='ltr'><strong>the</strong></span> <span class='ocrx_word' id='word_1_198' title='bbox 941 2508 1111 2558; x_wconf 80' lang='lat' dir='ltr'><strong>victory</strong></span> <span class='ocrx_word' id='word_1_199' title='bbox 1138 2510 1186 2545; x_wconf 85' lang='lat' dir='ltr'><strong>at</strong></span> <span class='ocrx_word' id='word_1_200' title='bbox 1212 2506 1379 2558; x_wconf 86' lang='lat' dir='ltr'><strong>Mycale</strong></span> <span class='ocrx_word' id='word_1_201' title='bbox 1406 2520 1493 2547; x_wconf 82' lang='lat' dir='ltr'><strong>was</strong></span> <span class='ocrx_word' id='word_1_202' title='bbox 1520 2520 1618 2547; x_wconf 85' lang='lat' dir='ltr'><strong>won</strong></span> <span class='ocrx_word' id='word_1_203' title='bbox 1645 2507 1703 2559; x_wconf 83' lang='lat' dir='ltr'><strong>by</strong></span> 
     </span>
     <span class='ocr_line' id='line_1_30' title="bbox 215 2560 1196 2612; baseline 0.001 -14"><span class='ocrx_word' id='word_1_204' title='bbox 215 2560 499 2611; x_wconf 79' lang='lat' dir='ltr'><strong>Leotychides</strong></span> <span class='ocrx_word' id='word_1_205' title='bbox 523 2560 611 2599; x_wconf 86' lang='lat' dir='ltr'><strong>and</strong></span> <span class='ocrx_word' id='word_1_206' title='bbox 634 2560 916 2612; x_wconf 82' lang='lat' dir='ltr'><strong>Xanthippus</strong></span> <span class='ocrx_word' id='word_1_207' title='bbox 937 2561 985 2600; x_wconf 90' lang='lat' dir='ltr'><strong>in</strong></span> <span class='ocrx_word' id='word_1_208' title='bbox 1007 2561 1088 2602; x_wconf 84' lang='lat'><strong>479</strong></span> <span class='ocrx_word' id='word_1_209' title='bbox 1111 2570 1196 2600; x_wconf 84' lang='grc' dir='ltr'><strong>Β.ο.</strong></span> 
     </span>
    </p>
   </div>
   <div class='ocr_carea' id='block_1_5' title="bbox 207 2651 299 2694">
    <p class='ocr_par' dir='ltr' id='par_1_10' title="bbox 207 2651 299 2694">
     <span class='ocr_line' id='line_1_31' title="bbox 207 2651 299 2694; baseline 0 0"><span class='ocrx_word' id='word_1_210' title='bbox 207 2651 299 2694; x_wconf 90' lang='lat'><strong>424</strong></span> 
     </span>
    </p>
   </div>
  </div>
 </body>
</html>
