1747 2912
106 407 154 446 15

106 608 157 646 16

108 809 158 849 17

112 1146 162 1184 18

112 1347 161 1384 19

110 1547 164 1587 20

111 1748 163 1787 21

549 141 602 187 L.
655 139 989 187 ANNAEUS
1040 139 1310 187 FLORUS

190 267 500 328 expeditioni
523 273 698 313 tantae
735 264 1021 329 superfuit,l
1045 265 1167 312 licet
1201 265 1328 311 nihil
1363 268 1671 328 inscripserit

190 351 446 395 sanguine.

262 401 416 446 Lucio
441 400 671 446 Cornelio
706 399 941 461 Scipione
977 399 1220 456 consule,2
1245 416 1359 445 cum
1382 402 1482 445 iam
1506 398 1672 445 Sicilia

191 469 475 513 suburbana
514 474 648 513 esset
679 467 851 528 populi
890 467 1098 512 Romani
1134 470 1404 528 provincia,
1433 472 1672 528 serpente

190 534 339 580 latius
355 534 488 580 bello
513 534 792 580 Sardiniam
816 534 1163 596 adnexamque
1189 533 1436 579 Corsicam
1459 536 1670 580 transiit.

198 601 378 648 Olbiae
404 601 502 659 hic,
524 602 595 646 ibi
618 601 819 647 Aleriae
835 600 856 629 3
882 602 1015 647 urbis
1041 600 1235 646 excidio
1259 600 1445 646 incolas
1476 603 1675 657 terruit,

191 668 418 730 adeoque
444 672 580 713 omni
608 675 743 714 terra
776 675 829 714 et
853 671 976 713 mari
1006 668 1194 714 Poenos
1221 671 1468 730 purgavit,
1495 674 1552 714 ut
1576 670 1676 712 iam

194 739 429 781 victoriae
454 735 580 780 nihil
603 738 699 781 nisi
724 734 894 780 Africa
916 739 1023 796 ipsa
1047 741 1274 781 restaret.

252 803 422 848 Marco
457 802 616 848 Atilio
655 802 848 863 Regulo
886 802 1014 847 duce
1055 805 1154 847 iam
1189 805 1243 847 in
1279 800 1503 847 Africam
1539 803 1676 846 navi—

193 871 346 932 gabat
370 869 572 915 bellum.
648 869 756 915 Nec
793 868 1063 915 defuerant
1087 871 1172 931 qui
1194 872 1303 930 ipso
1330 868 1503 914 Punici
1528 871 1675 913 maris

195 940 398 982 nomine
459 953 516 981 ac
573 942 766 982 terrore
838 935 1130 993 deficerent,
1185 939 1391 996 insuper
1455 941 1676 997 augente

196 1004 383 1049 Nautio
431 1005 635 1049 tribuno
680 1009 892 1060 metum,
939 1007 992 1048 in
1050 1019 1218 1065 quem,
1264 1006 1360 1048 nisi
1415 1006 1678 1063 paruisset,

197 1074 357 1117 securi
404 1070 643 1117 destricta
689 1074 962 1131 imperator
1001 1077 1141 1116 metu
1195 1072 1369 1115 mortis
1409 1068 1680 1131 navigandi

198 1138 321 1184 fecit
355 1138 625 1183 audaciam.
700 1138 822 1182 Mox
863 1137 1049 1183 deinde
1082 1140 1247 1183 ventis
1279 1139 1529 1198 remisque
1565 1152 1678 1197 pro-

197 1211 429 1266 peratum
494 1211 586 1262 est,
645 1211 919 1266 tantusque
977 1211 1141 1250 terror
1198 1203 1378 1249 hostici
1433 1204 1681 1249 adventus

200 1272 379 1317 Poenis
437 1271 549 1329 fuit,
616 1278 674 1317 ut
731 1275 917 1333 apertis
975 1287 1137 1332 paene
1206 1274 1362 1332 portis
1433 1270 1682 1332 Carthago

202 1346 478 1400 caperetur.
555 1338 907 1384 Prooemium4
952 1338 1073 1384 belli
1121 1338 1218 1384 fuit
1265 1342 1438 1384 civitas
1481 1337 1683 1399 Clipea3

199 1410 359 1468 prima
406 1410 542 1452 enim
588 1422 617 1450 a
665 1405 852 1451 Punico
890 1405 1038 1451 litore
1077 1408 1216 1467 quasi
1258 1422 1345 1450 arx
1391 1411 1444 1451 et
1481 1403 1684 1466 specula

200 1477 459 1535 procurrit.
557 1472 626 1518 Et
672 1472 797 1518 haec
846 1479 899 1519 et
944 1479 1176 1518 trecenta
1221 1471 1434 1533 amplius
1480 1471 1685 1517 castella

203 1547 394 1586 vastata
421 1546 550 1586 sunt.
604 1539 712 1585 Nec
739 1556 852 1585 cum
877 1540 1179 1596 hominibus,
1196 1539 1285 1585 sed
1310 1555 1424 1585 cum
1447 1542 1682 1584 monstris

201 1624 399 1670 quoque
449 1607 742 1652 dimicatum
790 1613 883 1663 est,
932 1623 1044 1652 cum
1105 1610 1245 1669 quasi
1302 1609 1355 1651 in
1411 1606 1685 1652 vindictam

203 1674 402 1720 Africae
430 1681 547 1720 nata
569 1678 724 1720 mirae
749 1673 1112 1735 magnitudinis
1137 1689 1342 1735 serpens
1367 1676 1528 1734 posita
1551 1672 1685 1734 apud

206 1742 483 1804 Bagradam
531 1747 690 1787 castra
749 1744 1016 1787 vexaverit.
1108 1740 1209 1787 Sed
1260 1743 1484 1785 omnium
1532 1743 1687 1786 victor

259 1858 272 1883 ¹
302 1866 352 1898 ut
401 1858 647 1911 supervixit
685 1859 782 1898 add.
834 1859 887 1907 B,
941 1862 987 1898 et
1035 1857 1282 1910 supervixit
1329 1858 1428 1897 add.
1474 1857 1557 1898 NL
1595 1861 1687 1908 post

203 1912 435 1964 superfuit.

261 1968 277 1990 2
304 1966 479 2005 consule
499 1967 594 2007 add.
620 1967 817 2005 Iahnius.

261 2021 276 2045 ³
306 2021 367 2059 ibi
402 2020 576 2059 Aleriae
609 2022 876 2061 Salmasius:
921 2019 979 2058 ibi
1018 2019 1108 2058 alte
1141 2020 1206 2059 B:
1246 2018 1436 2058 baleriae
1467 2019 1576 2058 NL:
1626 2018 1687 2058 ibi

204 2075 369 2114 ateriae
391 2076 425 2114 I.

262 2130 277 2152 ‘¹
308 2128 575 2180 prooemium
595 2127 700 2166 belli
728 2128 933 2167 Iahnius:
963 2128 1105 2178 prima
1124 2124 1347 2178 ‘premium
1368 2126 1626 2178 (proemium
1643 2126 1686 2177 I)

207 2181 310 2221 belli
332 2184 369 2221 B
389 2198 396 2221 :
429 2183 570 2233 prima
589 2181 695 2220 belli
715 2182 958 2232 praemium
979 2182 1073 2221 NL.

258 2330 273 2354 1
303 2331 458 2370 Florus
501 2330 602 2369 here
644 2329 844 2368 eonfuses
881 2329 1096 2369 Leonidas
1133 2328 1243 2368 with
1280 2328 1465 2368 another
1500 2327 1690 2380 Spartan

203 2385 321 2431 hero,
347 2383 607 2436 Othryades,
633 2384 744 2430 who,
779 2384 905 2436 being
934 2383 1011 2422 the
1039 2382 1130 2422 sole
1157 2382 1357 2421 survivor
1386 2382 1431 2421 of
1459 2381 1535 2422 the
1564 2382 1690 2421 three

201 2437 404 2477 hundred
444 2438 654 2489 Spartans
683 2437 782 2476 who
811 2437 968 2489 fought
997 2438 1170 2489 against
1197 2436 1274 2475 the
1303 2436 1488 2488 Argives
1517 2436 1586 2475 for
1612 2436 1690 2475 the

202 2492 447 2544 possession
475 2492 520 2531 of
549 2491 736 2544 Thyrea,
760 2491 864 2531 slew
893 2490 1069 2531 himself
1095 2504 1152 2530 on
1179 2490 1256 2530 the
1284 2489 1549 2530 battle-field
1575 2489 1691 2530 after

203 2570 267 2614 82
