1747 2912
87 423 135 463 17

86 886 134 925 18

88 1196 137 1235 19

83 1504 140 1544 20

86 1815 137 1854 21

534 134 587 180 L.
640 132 973 179 ANNAEUS
1023 133 1294 180 FLORUS

170 278 283 307 cum
332 261 566 306 uxoribus
605 276 776 306 eorum
816 277 986 322 pugna
1023 276 1173 322 quam
1212 277 1326 306 cum
1363 264 1482 322 ipsis
1530 260 1656 317 fuit3

172 355 284 384 cum
310 339 522 384 obiectis
547 337 772 399 undique
797 337 1031 399 plaustris
1057 344 1211 400 atque
1248 341 1501 399 carpentis
1524 338 1658 385 altae

171 415 388 476 desuper
435 415 688 460 securibus
738 418 1000 476 contisque
1049 421 1349 476 pugnarent.
1443 415 1658 461 Perinde

172 496 394 554 speciosa
430 508 561 537 mors
598 508 766 538 earum
804 490 902 537 fuit
939 508 1088 553 quam
1125 508 1308 553 pugna.
1383 491 1513 537 Nam
1544 509 1658 538 cum

171 573 318 615 missa
336 568 397 614 ad
427 569 644 614 Marium
660 568 915 630 legatione
941 568 1232 615 libertatem
1248 585 1305 614 ac
1323 569 1659 615 sacerdotium

172 662 274 692 non
310 649 652 707 inpetrassent
691 647 805 707 (nec
842 643 915 690 fas
953 645 1099 705 erat),
1136 644 1385 691 suffocatis
1425 645 1659 708 elisisque

174 727 355 786 passim
397 722 675 768 infantibus
724 725 822 768 suis
871 728 958 768 aut
1005 726 1193 768 mutuis
1241 722 1507 768 concidere
1554 723 1660 769 vul-

173 803 374 847 neribus
400 807 488 845 aut
521 799 721 845 vinculo
747 815 774 845 e
801 801 1020 845 crinibus
1046 802 1146 845 suis
1162 799 1298 845 facto
1323 801 1385 845 ab
1401 801 1659 847 arboribus

172 882 400 940 iugisque
442 877 779 938 plaustrorum
822 876 1192 938 pependerunt.
1286 876 1522 922 Boiorix1
1572 894 1660 925 rex

173 959 224 1001 in
250 959 408 1017 prima
435 958 541 1001 acie
568 953 811 1000 dimicans
837 957 1035 1016 inpigre
1061 970 1156 1000 nec
1180 953 1371 1000 inultus
1397 955 1655 1001 occiditur.

239 1033 411 1079 Tertia
457 1032 812 1093 Tigurinorum
851 1047 1045 1088 manus,
1087 1047 1214 1094 quae
1261 1035 1402 1094 quasi
1447 1035 1501 1077 in
1547 1034 1662 1079 sub-

174 1111 299 1157 sidio
336 1111 544 1156 Noricos
580 1108 838 1155 insederat
875 1108 1082 1170 Alpium
1117 1109 1355 1166 tumulos,
1380 1112 1432 1154 in
1468 1109 1663 1157 diversa

176 1188 342 1250 elapsa
366 1187 486 1250 fuga
521 1186 732 1248 ignobili
770 1184 858 1232 et2
900 1185 1174 1232 latrociniis
1213 1189 1430 1232 evanuit.
1506 1187 1661 1233 Hunc

173 1272 277 1312 tam
302 1265 493 1311 laetum
516 1271 722 1326 tamque
747 1262 949 1310 felicem
971 1263 1214 1309 liberatae
1251 1263 1429 1310 Italiae
1453 1264 1660 1311 adserti-

175 1359 272 1406 que
308 1345 505 1404 imperii
541 1344 777 1387 nuntium
813 1357 916 1386 non
952 1357 1042 1402 per
1077 1340 1322 1398 homines,
1359 1347 1418 1387 ut
1453 1341 1663 1400 solebat,

176 1420 389 1482 populus
430 1419 680 1464 Romanus
717 1421 929 1480 accepit,
956 1418 1045 1463 sed
1082 1434 1172 1480 per
1207 1421 1355 1480 ipsos,
1381 1422 1421 1464 si
1456 1419 1662 1467 credere

177 1497 249 1543 fas
288 1496 405 1552 est,3
442 1496 575 1542 deos.
669 1494 872 1557 Quippe
912 1495 1091 1541 eodem
1130 1495 1213 1541 die
1256 1512 1354 1558 quo
1395 1503 1540 1558 gesta
1582 1513 1663 1543 res

177 1582 254 1622 est
314 1578 402 1620 visi
461 1590 551 1635 pro
608 1573 734 1619 aede
797 1572 1009 1619 Pollucis
1071 1578 1124 1619 et
1182 1572 1398 1620 Castoris
1456 1577 1664 1621 iuvenes

175 1653 423 1698 laureatas
482 1654 701 1713 praetori
757 1650 953 1697 litteras
1018 1650 1155 1708 dare,
1214 1650 1553 1714 frequensque
1612 1655 1664 1698 in

177 1728 464 1792 spectaculo
529 1744 697 1774 rumor
755 1731 992 1774 victoriae
1041 1727 1359 1774 Cimbricae.4
1433 1727 1462 1758 *
1532 1727 1561 1758 *
1634 1728 1663 1759 *

176 1806 513 1853 “feliciter!''
575 1806 716 1852 dixit.
813 1804 927 1862 Quo
975 1805 1097 1868 quid
1143 1805 1498 1863 admirabilius,
1543 1807 1664 1869 quid

177 1888 420 1946 insignius
457 1883 562 1930 fieri
598 1885 802 1945 potest?
840 1882 1042 1944 Quippe
1068 1882 1208 1928 velut
1245 1883 1378 1930 elata
1408 1885 1663 1930 montibus

178 1965 276 2008 suis
339 1961 494 2006 Roma
552 1960 839 2022 spectaculo
898 1960 1019 2006 belli
1077 1964 1365 2018 interesset,
1418 1961 1552 2023 quod
1610 1965 1661 2007 in

406 2070 422 2094 ²
450 2071 629 2110 Boiorix
650 2086 658 2109 :
690 2069 858 2109 Boleris
878 2071 978 2111 BL:
1011 2069 1065 2109 bo
1087 2069 1216 2109 eloris
1237 2070 1299 2111 N.

403 2125 418 2149 ²
448 2130 492 2164 et
512 2124 593 2163 NL
613 2139 619 2162 τ
651 2137 674 2163 e
694 2126 742 2163 B.

403 2178 420 2203 ⁸
449 2180 485 2217 si
506 2178 680 2217 credere
700 2177 766 2217 fas
787 2182 879 2216 est:
910 2177 975 2216 fas
997 2182 1063 2217 est
1083 2179 1118 2217 si
1140 2177 1315 2217 credere
1335 2180 1384 2219 B.

406 2233 423 2257 ⁴
446 2237 533 2283 post
554 2232 796 2272 Cimbricae
817 2233 1013 2270 lacunam
1033 2235 1179 2271 statuit
1197 2231 1395 2272 Iahnius.

234 2363 250 2388 1
280 2363 402 2414 They
422 2362 509 2401 had
529 2361 665 2401 asked
686 2366 732 2401 to
747 2360 798 2400 be
817 2365 917 2400 sent
935 2374 982 2400 as
1004 2375 1028 2400 a
1047 2361 1133 2413 gift
1152 2365 1199 2400 to
1219 2361 1296 2401 the
1316 2361 1472 2402 Vestal
1488 2362 1663 2415 Virgins

176 2417 265 2457 and
285 2416 504 2468 promised
526 2423 572 2455 to
593 2416 697 2455 take
719 2428 836 2455 vows
855 2415 899 2454 of
919 2415 1115 2466 chastity
1135 2415 1255 2464 (Val.
1277 2415 1395 2457 Max.
1419 2415 1501 2467 VI,
1528 2417 1584 2467 l).

233 2472 248 2495 ²
278 2471 418 2510 There
438 2470 474 2509 is
494 2484 519 2509 a
537 2471 693 2509 lacuna
713 2470 757 2508 in
777 2468 854 2509 the
875 2473 972 2509 text
991 2474 1038 2508 at
1059 2470 1148 2509 this
1167 2469 1309 2521 point.

184 2552 276 2597 174
