1747 2912
513 183 567 229 L.
619 183 953 230 ANNAEUS
1005 183 1276 231 FLORUS

150 326 311 372 paene
355 313 406 356 in
455 317 728 372 conspectu
776 314 931 373 patris
973 311 1108 357 idem
1151 311 1265 357 telis
1312 317 1634 373 operuerunt,

153 388 410 450 Reliquiae
452 388 667 434 infelicis
700 392 966 445 exercitus,
1003 387 1134 451 quo1
1185 405 1436 451 quemque
1471 391 1638 450 rapuit

149 464 282 527 fuga,
326 469 378 510 in
405 466 713 523 Armeniam,
751 466 973 511 Ciliciam
1015 465 1308 528 Syriamque
1349 466 1637 522 distractae,

149 546 230 588 vix
255 546 491 589 nuntium
516 543 669 589 cladis
694 544 1019 593 rettulerunt.
1092 543 1254 605 Caput
1284 547 1390 589 eius
1425 546 1636 589 recisum

150 636 264 666 cum
312 620 522 667 dextera
558 637 710 666 manu
751 621 815 667 ad
853 637 1026 683 regem
1068 627 1380 682 reportatum
1421 619 1637 677 ludibrio

155 697 269 755 fuit,
316 715 482 760 neque
540 698 763 760 indigno.
837 698 1030 744 Aurum
1089 702 1225 744 enim
1284 698 1531 760 liquidum
1585 700 1639 743 in

151 780 333 823 rictum
358 780 454 821 oris
487 775 708 821 infusum
734 782 827 833 est,
852 782 910 821 ut
934 779 1073 821 cuius
1097 779 1292 821 animus
1316 781 1507 821 arserat
1530 778 1638 821 auri

150 853 445 916 cupiditate,
472 856 577 899 eius
615 856 768 900 etiam
804 859 1058 898 mortuum
1095 858 1148 898 et
1182 867 1436 914 exsangue
1462 867 1639 914 corpus

148 947 266 978 auro
292 936 533 977 ureretur.

550 1181 760 1228 XLVII.
801 1182 1235 1230 ANACEQALAEOSIS

67 1308 137 1350 111,
165 1291 224 1338 12
264 1291 410 1336 HAEC
437 1297 515 1336 est
540 1290 626 1335 illa
650 1290 838 1336 tertia2
863 1296 1002 1336 aetas
1043 1289 1216 1351 populi
1245 1289 1456 1334 Romani
1481 1295 1643 1335 trans-

154 1372 361 1425 marina,
405 1385 504 1430 qua
547 1367 692 1413 Italia
732 1367 969 1429 progredi
1007 1383 1153 1413 ausus
1192 1368 1312 1412 orbe
1360 1372 1470 1412 toto
1508 1382 1644 1411 arma

95 1455 119 1493 2
156 1446 478 1493 circumtulit.
553 1445 702 1491 Cuius
739 1448 920 1491 aetatis
959 1448 1239 1506 superiores
1281 1449 1490 1490 centum
1525 1447 1645 1488 anni

155 1527 331 1580 sancti,
374 1527 442 1585 pii
482 1529 551 1580 et,
588 1529 644 1568 ut
691 1522 923 1579 diximus,
959 1525 1112 1578 aurei,
1151 1525 1258 1567 sine
1295 1521 1500 1583 flagitio,
1537 1524 1645 1567 sine

158 1602 360 1658 scelere,
413 1600 533 1646 dum
583 1604 774 1646 sincera
821 1600 986 1646 adhuc
1046 1606 1098 1646 et
1150 1602 1353 1644 innoxia
1399 1601 1645 1660 pastoriae

158 1679 290 1725 illius
329 1685 497 1725 sectae
536 1681 818 1740 integritas,
848 1677 1069 1739 dumque
1109 1676 1389 1722 Poenorum
1425 1676 1646 1722 hostium

159 1759 411 1802 inminens
446 1762 637 1808 ¹metus
691 1755 1006 1816 disciplinam
1054 1761 1279 1800 veterem
1333 1753 1642 1799 continebat.

101 1841 125 1880 3
165 1835 357 1880 Posteri
397 1839 621 1889 centum,
658 1849 780 1894 quos
816 1849 845 1877 a
893 1831 1225 1893 Carthaginis,
1270 1830 1498 1877 Corinthi
1542 1831 1645 1876 Nu-

158 1914 480 1972 mantiaeque
524 1909 729 1956 excidiis
770 1916 823 1956 et
862 1909 1025 1955 Attali
1067 1912 1200 1970 regis
1240 1908 1462 1954 Asiatica
1502 1907 1648 1954 here-

161 1989 322 2035 ditate
360 1987 660 2034 deduximus
697 1990 750 2032 in
788 1987 1049 2033 Caesarem
1087 1993 1140 2032 et
1178 1986 1472 2048 Pompeium
1509 2001 1647 2036 secu,-

160 2073 371 2128 tumque
399 2065 504 2122 hos,
525 2065 589 2110 de
614 2080 712 2127 quo
737 2064 1001 2122 dicemus?
1023 2065 1328 2125 Augustum,
1346 2069 1404 2108 ut
1423 2062 1649 2108 claritate

162 2159 328 2189 rerum
366 2142 656 2188 bellicarum
695 2141 965 2204 magnifici,
994 2144 1064 2187 ita
1101 2141 1389 2186 domesticis
1426 2138 1650 2185 cladibus

103 2229 129 2265 4
165 2223 330 2266 miseri
392 2226 446 2266 et
504 2219 848 2266 erubescendi.
958 2217 1161 2280 Quippe
1222 2220 1351 2263 sicut
1419 2216 1651 2274 Galliam,

163 2298 438 2353 Thraciam,
492 2296 731 2353 Ciliciam,
782 2296 1160 2358 Cappadociam,
1211 2295 1485 2341 uberrimas
1532 2291 1650 2339 vali-

472 2424 488 2449 ¹
517 2438 603 2477 quo
622 2437 698 2464 om.
724 2423 773 2465 B.

473 2478 489 2503 ²
518 2479 653 2518 tertia
673 2491 751 2517 om.
773 2479 824 2518 B.

473 2533 489 2557 ³
517 2532 712 2573 dicemus
742 2532 848 2573 Voss.
876 2532 1040 2571 Palat.:
1074 2530 1258 2571 dicimus
1274 2534 1342 2570 cet.

170 2626 260 2655 212
