1802 2942
619 200 1014 250 CORNELIUS
1060 199 1280 248 NEPOS

198 330 371 378 inferri
396 337 631 392 oportere
658 346 757 392 quo
782 332 816 375 ii
843 331 929 392 qui
955 328 1021 375 ad
1045 327 1347 390 supplicium
1372 333 1543 374 essent
1565 326 1695 384 dati,

199 398 452 460 displicuit
486 397 729 459 pluribus,
767 403 820 443 et
855 395 1028 458 procul
1062 395 1129 441 ab
1164 411 1224 441 eo
1257 394 1367 440 loco
1400 392 1694 441 infoderunt

199 481 299 527 quo
347 471 458 510 erat
502 471 747 510 mortuus.
818 462 945 510 Inde
992 464 1242 524 posterius
1288 461 1372 508 dei
1393 461 1413 491 1
1460 459 1693 522 Delphici

198 548 438 593 responso
465 538 638 577 erutus
664 537 821 593 atque
856 530 1039 577 eodem
1071 528 1180 576 loco
1205 527 1434 590 sepultus
1459 528 1574 575 est2
1606 528 1693 574 ubi

200 602 357 645 vitam
386 605 641 660 posuerat.

795 815 854 862 V.
892 813 1125 862 CIMON

264 914 313 966 1.
349 915 545 971 Cimon,
569 913 817 961 Miltiadis
839 913 986 968 filius,
1009 911 1355 967 Atheniensis,
1377 912 1502 959 duro
1523 911 1696 959 admo-

201 982 323 1029 dum
354 985 498 1029 initio
531 999 648 1028 usus
682 988 762 1028 est
793 980 1171 1028 adulescentiae
1188 994 1200 1034 ;
1250 996 1369 1025 nam
1399 995 1516 1025 cum
1547 986 1697 1041 pater

202 1053 308 1096 eius
339 1050 484 1096 litem
515 1052 840 1096 aestimatam
870 1047 1057 1111 populo
1089 1046 1282 1093 solvere
1313 1063 1415 1093 non
1444 1049 1697 1109 potuisset

200 1118 265 1163 ob
309 1133 525 1180 eamque
567 1133 772 1163 causam
813 1118 866 1161 in
908 1114 1080 1161 vinclis
1121 1114 1334 1176 publicis
1377 1114 1697 1169 decessisset,

202 1184 380 1231 Cimon
434 1184 615 1230 eadem
667 1183 898 1230 custodia
949 1182 1226 1228 tenebatur
1277 1197 1445 1243 neque
1497 1180 1696 1244 legibus

200 1251 631 1298 Atheniensium3
676 1253 844 1296 emitti
885 1256 1108 1311 poterat,
1149 1251 1244 1294 nisi
1285 1251 1555 1310 pecuniam
1595 1264 1698 1311 qua

151 1325 175 1362 2
199 1326 347 1381 pater
387 1319 634 1365 multatus
677 1325 788 1364 erat
828 1317 1074 1364 solvisset.
1144 1315 1388 1362 Habebat
1429 1322 1604 1362 autem
1643 1317 1697 1361 in

201 1389 524 1432 matrimonio
543 1401 766 1432 sororem
785 1400 1083 1448 germanam
1102 1400 1264 1438 suam,
1283 1385 1487 1429 nomine
1506 1382 1698 1445 Elpini-

201 1470 313 1508 cen,
342 1470 444 1499 non
472 1456 634 1516 magis
664 1468 835 1498 amore
865 1468 1020 1514 quam
1046 1467 1188 1497 more
1218 1451 1429 1504 ductus;
1475 1465 1698 1512 namque

201 1520 601 1567 Atheniensibus
618 1520 740 1566 licet
759 1519 940 1566 eodem
958 1525 1106 1581 patre
1124 1524 1272 1564 natas
1291 1533 1473 1563 uxores
1493 1517 1695 1564 ducere.

153 1596 178 1635 3
204 1588 367 1634 Huius
415 1591 636 1651 coniugii
681 1587 893 1649 cupidus
942 1585 1123 1632 Callias
1171 1585 1395 1648 quidam,
1442 1601 1543 1631 non
1588 1591 1698 1631 tam

200 1672 477 1718 generosus
502 1672 656 1718 quam
679 1657 998 1717 pecuniosus,
1022 1656 1110 1716 qui
1132 1669 1344 1715 magnas
1367 1655 1608 1714 pecunias
1633 1667 1698 1698 ex

202 1722 422 1769 metallis
473 1721 686 1776 fecerat,
740 1725 848 1784 egit
897 1737 1013 1767 cum
1065 1719 1275 1766 Cimone
1326 1726 1386 1765 ut
1437 1735 1553 1765 eam
1603 1719 1698 1765 sibi

202 1806 414 1836 uxorem
434 1790 609 1836 daret:
646 1789 700 1836 id
719 1792 759 1835 si
778 1792 1121 1850 impetrasset,
1142 1803 1196 1833 se
1216 1803 1306 1849 pro
1326 1786 1410 1833 illo
1428 1789 1698 1849 pecuniam

151 1864 177 1901 4
200 1857 498 1903 soluturum.
569 1856 617 1902 Is
639 1873 754 1902 cum
774 1856 932 1902 talem
953 1855 1300 1901 condicionem
1321 1860 1698 1916 aspernaretur,

203 1924 432 1986 Elpinice
456 1926 665 1986 negavit
688 1940 742 1969 se
766 1939 1028 1986 passuram
1055 1921 1302 1968 Miltiadis
1326 1924 1624 1984 progeniem
1645 1923 1698 1967 in

203 1991 375 2038 vinclis
412 1991 623 2053 publicis
661 1993 888 2046 interire,
926 1992 1165 2054 quoniam
1202 1988 1470 2052 prohibere
1506 1994 1699 2051 posset,

321 2085 337 2109 ²
367 2086 452 2130 dei,
473 2085 606 2124 added
627 2085 678 2135 by
699 2083 894 2123 Lambin.
1064 2083 1082 2107 2
1111 2086 1194 2129 est,
1217 2083 1350 2123 added
1373 2082 1423 2133 by
1447 2082 1585 2123 Fleck.

317 2140 333 2163 ³
362 2138 710 2186 Atheniensium,
728 2137 935 2184 Lambin3
971 2137 1327 2183 Atheniensibus,
1349 2136 1483 2176 MSS.

265 2248 280 2271 1
310 2247 347 2286 Α
369 2248 520 2287 ravine
541 2260 646 2287 near
667 2247 842 2299 Sparta,
864 2246 1002 2286 called
1023 2244 1198 2286 καιάδας.

263 2301 279 2325 ²
309 2301 399 2340 The
441 2314 622 2352 passage
663 2301 698 2340 is
742 2300 922 2340 obscure
964 2301 1051 2340 and
1093 2301 1279 2352 perhaps
1322 2302 1512 2351 corrupt.
1570 2298 1697 2340 Since

206 2355 482 2405 Thucydides
515 2368 615 2406 says
646 2355 748 2394 that
781 2354 1019 2393 Pausanias
1052 2367 1139 2393 was
1171 2353 1267 2393 first
1300 2352 1452 2392 buried
1483 2365 1588 2392 near
1618 2353 1695 2392 the

209 2411 387 2454 καιάδας,
415 2409 558 2459 procul
584 2421 686 2460 may
713 2421 841 2447 mean
869 2408 894 2423 “
911 2408 1022 2447 hard
1048 2407 1151 2459 by,”
1179 2420 1226 2447 as
1252 2408 1298 2446 in
1323 2406 1510 2452 Horace,
1535 2406 1624 2446 Sat.
1649 2407 1694 2446 ii.

210 2464 248 2502 6.
284 2465 360 2502 105
389 2463 477 2501 and
505 2462 644 2512 Epist.
674 2463 700 2501 i.
739 2463 777 2501 7.
809 2463 878 2508 32,
907 2462 995 2501 and
1022 2475 1103 2513 quo
1130 2466 1216 2501 erat
1241 2466 1430 2500 mortuus
1456 2473 1559 2512 may
1589 2459 1641 2500 be
1668 2473 1698 2499 a

206 2516 333 2567 gloss.
392 2516 483 2555 The
518 2516 653 2555 death
686 2515 731 2554 of
765 2515 1004 2555 Pausanias
1037 2517 1145 2554 took
1177 2514 1300 2567 place
1333 2527 1440 2553 soon
1473 2514 1588 2554 after
1617 2513 1696 2554 the

207 2570 546 2609 condemnation
567 2570 612 2609 of
633 2568 968 2616 Themistoclem
1005 2582 1074 2609 see
1096 2570 1139 2608 ii.
1163 2570 1201 2608 8.
1225 2569 1266 2615 2,
1287 2566 1374 2607 and
1391 2570 1495 2608 note
1515 2567 1554 2607 3.

199 2651 288 2694 422
