1802 2942
647 140 1042 189 CORNELIUS
1086 139 1308 189 NEPOS

226 269 395 333 aliqua
430 271 712 333 cupiditate
748 277 1015 333 raperetur
1050 272 1103 316 in
1133 269 1510 326 Macedoniam,
1544 267 1717 316 oblivi-

224 350 451 391 sceretur
472 348 697 391 omnium
717 347 1011 391 iniuriarum
1035 351 1089 390 et
1108 346 1160 390 in
1181 346 1439 390 neminem
1461 343 1717 390 acerbiore

175 424 200 464 3
223 425 456 464 uteretur
485 421 714 481 imperio.
782 418 978 465 Horum
1008 418 1095 464 illa
1123 416 1248 464 nihil
1277 416 1402 464 fecit
1430 433 1550 463 nam
1581 423 1636 463 et
1663 419 1717 463 in

228 491 586 539 Macedoniam
602 491 833 555 profecta
852 499 931 539 est
951 499 1003 539 et
1021 493 1091 538 ibi
1109 491 1452 538 crudelissime
1470 507 1524 538 se
1541 493 1716 554 gessit.

227 565 367 613 Petit
423 574 598 613 autem
654 567 718 614 ab
774 567 1006 613 Eumene
1063 566 1277 613 absente
1332 582 1398 612 ne
1453 572 1720 628 pateretur

228 639 445 703 Philippi
494 641 671 688 domus
721 657 778 688 ac
826 640 1048 687 familiae
1095 642 1460 686 inimicissimos
1507 642 1718 702 stirpem

227 731 430 778 quoque
449 718 761 772 interimere,
781 714 1042 778 ferretque
1063 731 1214 777 opem
1232 713 1403 760 liberis
1422 713 1716 760 Alexandri.

174 796 202 834 4
226 788 393 847 Quam
441 792 642 836 veniam
691 792 732 836 si
781 789 945 845 daret,
995 806 1149 852 quam
1198 791 1417 851 primum
1466 791 1719 835 exercitus

226 870 432 926 pararet
453 880 577 927 quos
600 865 694 910 sibi
715 864 937 911 subsidio
960 864 1254 910 adduceret.
1323 862 1383 909 Id
1405 879 1505 926 quo
1525 861 1719 909 facilius

227 936 439 994 faceret,
460 954 514 985 se
536 939 768 985 omnibus
788 936 1061 1001 praefectis
1083 940 1170 1000 qui
1190 940 1243 983 in
1263 937 1421 983 officio
1441 937 1720 984 manebant

227 1015 422 1059 misisse
471 1012 688 1069 litteras,
741 1019 800 1059 ut
853 1015 899 1059 ei
950 1018 1192 1074 parerent
1244 1014 1454 1074 eiusque
1504 1011 1719 1058 consiliis

177 1094 202 1134 5
226 1093 509 1134 uterentur.
578 1087 671 1133 His
721 1087 873 1133 rebus
925 1087 1181 1133 Eumenes
1232 1092 1512 1148 permotus,
1561 1088 1720 1132 satius

228 1161 393 1216 duxit,
436 1164 477 1207 si
518 1164 594 1208 ita
635 1161 838 1208 tulisset
879 1159 1102 1216 fortuna,
1143 1163 1309 1223 perire
1352 1160 1486 1206 bene
1525 1162 1720 1206 meritis

227 1234 540 1282 referentem
564 1238 783 1299 gratiam
810 1252 963 1298 quam
987 1238 1247 1298 ingratum
1271 1237 1456 1280 vivere.

294 1308 342 1359 ’7.
380 1309 564 1373 Itaque
580 1312 748 1372 copias
763 1312 1035 1365 contraxit,
1048 1308 1240 1355 bellum
1255 1308 1493 1355 adversus
1507 1307 1721 1371 Antigo-

229 1400 352 1430 num
417 1387 744 1447 comparavit.
812 1383 962 1442 Quod
1028 1399 1131 1429 una
1197 1389 1344 1429 erant
1411 1381 1721 1429 Macedones

230 1458 512 1520 complures
571 1458 784 1514 nobiles,
829 1461 881 1504 in
928 1461 986 1505 iis
1033 1457 1326 1513 PeucesteS,
1373 1459 1459 1520 qui
1503 1460 1721 1519 corporis

231 1540 399 1579 custos
456 1531 626 1580 fuerat
696 1532 994 1588 Alexandri,
1051 1539 1163 1579 tum
1221 1538 1396 1578 autem
1453 1531 1723 1579 obtinebat

231 1605 509 1663 Persidem,
542 1614 595 1654 et
626 1607 930 1670 Antigenes,
961 1609 1102 1653 cuius
1133 1606 1227 1652 sub
1258 1608 1470 1668 imperio
1499 1605 1722 1668 phalanx

232 1688 344 1728 erat
396 1681 757 1737 Macedonum,
807 1681 1048 1728 invidiam
1098 1696 1497 1742 verens—quam
1546 1687 1723 1727 tamen

233 1754 456 1818 effugere
480 1773 581 1802 non
605 1758 882 1818 potuit—si
905 1758 1074 1817 potius
1098 1757 1206 1816 ipse
1233 1754 1518 1817 alienigena
1540 1757 1723 1801 summi

182 1835 207 1873 2
231 1833 428 1892 imperii
454 1834 706 1892 potiretur
733 1847 886 1892 quam
914 1829 997 1876 alii
1026 1829 1387 1884 Macedonum,
1415 1845 1628 1891 quorum
1652 1829 1723 1876 ibi

234 1911 345 1950 erat
403 1904 697 1960 multitudo,
756 1908 809 1950 in
867 1907 1122 1966 principiis
1182 1903 1461 1950 Alexandri
1519 1905 1723 1950 nomine

231 1979 617 2025 tabernaculum
653 1982 836 2026 statuit
870 1982 922 2024 in
959 1994 1122 2041 eoque
1157 1977 1333 2024 sellam
1368 1993 1574 2024 auream
1608 1994 1724 2024 cum

234 2060 434 2115 sceptro
492 2071 549 2100 ac
606 2054 897 2101 diademate
953 2056 1099 2099 iussit
1153 2054 1273 2115 poni
1331 2068 1494 2114 eoque
1549 2067 1724 2098 omnes

234 2127 445 2174 cottidie
479 2131 764 2182 convenire,
799 2134 858 2173 ut
891 2127 961 2173 ibi
996 2127 1060 2173 de
1096 2127 1302 2172 summis
1336 2125 1486 2171 rebus
1520 2124 1725 2171 consilia

235 2208 567 2264 caperentur3
639 2202 850 2248 credens
904 2203 1098 2247 minore
1154 2215 1208 2246 se
1262 2199 1450 2246 invidia
1503 2196 1629 2254 fore,
1683 2201 1724 2245 si

301 2384 318 2409 ²
346 2384 437 2423 The
455 2383 729 2435 body-guard
748 2383 792 2422 of
809 2382 1053 2422 Alexander
1071 2394 1157 2421 was
1175 2394 1231 2420 an
1251 2381 1404 2420 official
1423 2380 1468 2420 of
1484 2379 1584 2431 high
1604 2379 1725 2421 rank.

301 2438 314 2462 ²
341 2438 365 2452 ‘⁶
383 2438 473 2476 The
526 2438 685 2483 others,
733 2438 778 2476 of
826 2437 901 2476 the
952 2437 1068 2485 (that
1118 2437 1168 2481 is,
1215 2440 1227 2457 ‘
1243 2434 1338 2473 who
1388 2446 1498 2473 were
1511 2435 1541 2483 ’)
1585 2433 1725 2473 Mace-

243 2491 487 2539 donians'';
519 2492 736 2531 Eumenes
757 2504 844 2531 was
864 2494 943 2530 not
962 2504 988 2529 a
1006 2489 1308 2529 Macedonian.

239 2569 330 2631 584
