1802 2942
651 145 1045 195 CORNELIUS
1091 144 1312 194 NEPOS

229 279 324 323 rim
360 279 413 322 in
448 275 629 323 funere
667 280 843 322 matris
881 292 1022 331 suae,
1060 292 1214 338 quam
1252 274 1440 322 extulit
1476 290 1723 320 annorum

230 343 338 399 XC,
361 360 477 390 cum
502 351 637 390 esset
658 343 678 373 1
703 343 801 389 VII
828 350 882 390 et
906 342 1016 397 LX,
1039 359 1093 389 se
1116 359 1397 404 numquam
1419 358 1535 388 cum
1557 348 1722 387 matre

229 414 282 456 in
316 413 536 473 gratiam
569 411 779 464 redisse,
814 426 1094 472 numquam
1128 426 1244 455 cum
1278 425 1447 455 sorore
1481 407 1647 454 fuisse·
1671 410 1724 453 in

179 482 203 520 2
229 477 507 532 simultate,
552 494 706 540 quam
748 493 907 539 prope
952 475 1220 538 aequalem
1262 474 1505 522 habebat.
1573 474 1725 533 Quod

233 552 311 591 est
354 547 555 607 signum
600 552 689 591 aut
732 543 923 590 nullam
967 560 1211 605 umquam
1252 545 1388 589 inter
1430 558 1516 589 eos
1560 544 1725 604 queri-

230 614 452 657 moniam
494 614 858 666 intercessisse,
903 618 993 657 aut
1035 609 1169 656 hunc
1213 604 1274 656 ea
1315 608 1472 656 fuisse
1514 611 1567 654 in
1609 624 1724 655 suos

229 678 567 742 indulgentia,
595 685 672 734 ut,
702 695 827 741 quos
858 693 1029 724 amare
1059 678 1292 731 deberet,
1319 679 1466 723 irasci
1493 679 1552 723 iis
1581 674 1725 722 nefas

179 753 204 792 3
229 746 455 792 duceret.
525 745 705 808 Neque
742 745 795 792 id
828 743 953 791 fecit
986 751 1172 791 natura
1205 744 1386 800 solum,
1415 759 1726 806 quamquam

231 829 405 860 omnes
435 815 480 858 ei
508 829 764 874 paremUS,
791 812 883 859 sed
910 814 1068 859 etiam
1096 812 1354 865 doctrina3
1398 827 1518 856 nam
1544 812 1727 872 princi-

231 897 354 942 pum
387 879 800 942 philosophorum
832 882 908 926 ita
941 886 1187 941 percepta
1219 877 1402 925 habuit
1432 884 1727 940 praecepta,

233 955 291 994 ut
334 950 393 992 iis
441 947 506 993 ad
549 950 708 994 vitam
753 946 1026 1010 agendam,
1070 963 1172 992 non
1217 946 1283 993 ad
1327 946 1727 992 ostentationem

232 1022 481 1061 uteretur.

297 1079 379 1129 18.
417 1081 575 1127 Moris
616 1083 774 1128 etiam
812 1082 1061 1127 maiorum
1100 1096 1326 1127 summus
1364 1081 1594 1125 imitator
1629 1076 1728 1124 fuit

233 1152 658 1211 antiquitatisque
683 1155 898 1203 amator,
922 1164 1077 1210 quam
1101 1147 1229 1194 adeo
1253 1147 1528 1209 diligenter
1548 1145 1729 1192 habuit

233 1220 509 1279 cognitam,
541 1223 598 1262 ut
632 1232 746 1261 eam
776 1222 942 1261 totam
972 1218 1025 1260 in
1056 1230 1117 1261 eo
1148 1214 1404 1261 volumine
1435 1215 1729 1275 exposuerit

184 1289 207 1325 2
233 1300 331 1345 quo
365 1286 696 1346 magistratus
731 1282 1023 1329 ordinavit.2
1089 1281 1241 1328 Nulla
1274 1284 1410 1327 enim
1442 1280 1527 1327 lex
1560 1295 1728 1342 neque

234 1367 335 1412 pax
382 1366 551 1412 neque
597 1349 790 1396 bellum
836 1365 1005 1412 neque
1051 1366 1131 1396 res
1177 1347 1385 1394 illustris
1432 1354 1512 1394 est
1557 1345 1730 1409 populi

235 1417 467 1472 Romani,
497 1433 628 1479 quae
656 1433 759 1463 non
785 1419 838 1462 in
867 1432 927 1463 eo
956 1432 1047 1463 suo
1075 1423 1309 1478 tempore
1337 1418 1404 1462 sit
1430 1421 1629 1469 notata,
1658 1420 1730 1469 et,

235 1485 372 1547 quod
427 1483 773 1531 difficillimum
827 1482 945 1539 fuit,
1000 1486 1069 1529 sic
1123 1482 1429 1529 familiarum
1483 1484 1731 1544 originem

235 1553 518 1607 subtexuit,
561 1559 619 1598 ut
664 1568 727 1597 ex
771 1567 832 1598 eo
874 1551 1122 1598 clarorum
1165 1553 1384 1596 virorum
1424 1551 1731 1612 propagines

184 1623 479 1682 3possimus
532 1634 853 1681 cognoscere.
924 1618 1068 1664 Fecit
1119 1616 1214 1663 hoc
1265 1617 1404 1663 idem
1455 1618 1731 1678 separatim

235 1690 287 1732 in
322 1685 429 1732 aliis
462 1685 619 1740 libris,
654 1693 712 1732 ut
748 1685 823 1731 M.
858 1684 1004 1731 Bruti
1036 1691 1221 1747 rogatu
1255 1683 1456 1730 Iuniam
1487 1681 1733 1729 familiam

237 1770 266 1800 a
317 1757 475 1815 stirpe
529 1753 594 1799 ad
644 1752 775 1798 hanc
827 1759 1057 1799 aetatem
1109 1751 1286 1798 ordine
1338 1752 1732 1804 enumeraverit,

236 1828 418 1866 notans
442 1822 528 1882 qui
546 1820 566 1848 3
592 1836 621 1865 a
643 1836 847 1882 quoque
873 1826 1031 1874 ortus,
1058 1835 1183 1880 quos
1207 1817 1424 1865 honores
1446 1819 1732 1880 quibusque

185 1893 212 1931 4
234 1888 550 1949 temporibus
577 1890 825 1949 cepisset;
870 1890 979 1948 pari
1005 1886 1156 1932 modo
1186 1884 1418 1932 Marcelli
1445 1884 1643 1931 Claudii
1668 1883 1733 1931 de

239 1953 617 2009 Marcellorum,
665 1953 908 2016 Scipionis
958 1953 1177 2000 Cornelii
1224 1959 1279 2000 et
1325 1952 1470 1999 Fabii
1518 1950 1734 1998 Maximi

433 2094 449 2118 ¹
478 2106 578 2133 cum
598 2094 690 2145 ipse
712 2096 840 2139 esset,
862 2091 1046 2133 Dietsch.

431 2148 446 2171 ²
477 2148 712 2193 ordinavit,
734 2146 781 2186 J.
805 2146 854 2187 G.
885 2147 1009 2193 Voss3
1049 2146 1238 2192 ornavit,
1263 2145 1399 2186 MSS.

431 2202 446 2226 ³
476 2203 587 2253 quis,
617 2201 820 2252 Wdlfflim
859 2199 929 2240 but
950 2200 1003 2252 cf.
1025 2200 1129 2239 xvii.
1155 2201 1192 2239 1.
1216 2201 1240 2240 3
1263 2198 1545 2250 (Nipp.·W.).

298 2351 315 2376 ²
345 2351 448 2390 This
467 2351 503 2390 is
519 2350 593 2389 the
610 2350 728 2389 work
747 2350 934 2389 referred
953 2354 1000 2389 to
1019 2350 1065 2388 in
1085 2350 1210 2390 xxiii.
1236 2350 1301 2389 13.
1329 2351 1366 2397 1,
1390 2349 1437 2388 in
1459 2361 1535 2389 8u0
1555 2347 1735 2388 Annali.

240 2405 285 2445 It
305 2418 392 2444 was
413 2404 644 2457 published
662 2405 707 2443 in
728 2406 781 2446 47
798 2415 882 2444 B.c.
941 2404 985 2443 It
1005 2416 1114 2455 gave
1135 2416 1160 2442 a
1181 2403 1349 2454 history
1369 2403 1415 2442 of
1434 2402 1588 2448 Rome,
1609 2401 1737 2454 prob·

239 2458 346 2553 ἓξὲξ
367 2461 495 2564 ἓξὲξ.)
522 2469 624 2506 B.c.,
643 2457 750 2498 with
775 2458 850 2498 the
874 2470 1024 2497 names
1050 2458 1095 2498 of
1119 2457 1195 2497 the
1220 2457 1366 2497 curule
1390 2457 1667 2509 magistrates
1691 2454 1738 2497 of

240 2590 333 2646 684
