1802 2942
672 143 1066 193 CORNELIUS
1111 143 1332 192 NEPOS

259 275 396 338 quod
422 277 591 337 potius
619 276 817 336 patriae
846 288 968 335 opes
998 274 1173 334 augeri
1201 287 1355 334 quam
1381 273 1515 334 regis
1542 269 1739 317 maluit.

247 342 381 389 Nam
429 358 545 388 cum
593 356 833 403 magnam
884 342 1245 385 auctoritatem
1294 338 1389 384 sibi
1437 354 1611 400 pugna
1657 337 1744 383 illa

247 408 414 456 navali
441 424 595 470 quam
623 407 759 469 apud
779 406 997 452 Cnidum
1011 406 1033 437 1
1053 404 1247 451 fecerat
1266 407 1615 451 constituisset
1640 420 1743 450 non

248 476 410 523 solum
454 479 589 521 inter
633 475 891 529 barbaros,
937 472 1028 519 sed
1073 475 1230 518 etiam
1275 488 1450 518 omnes
1497 471 1742 518 Graeciae

246 546 499 598 civitates,
540 541 669 588 clam
711 541 832 587 dare
873 556 1082 601 operam
1122 541 1309 601 coepit,
1350 545 1410 585 ut
1452 538 1648 585 Ioniam
1689 544 1744 585 et

247 610 480 657 Aeoliam
505 612 805 655 restitueret
832 606 1248 653 Atheniensibus.

196 686 222 725 3
312 677 372 724 Id
400 693 514 723 cum
541 679 706 721 minus
735 674 1008 737 diligenter
1037 680 1173 720 esset
1200 672 1440 727 celatum,
1467 671 1744 727 Tiribazus,

248 747 335 807 qui
369 742 608 789 Sardibus
641 749 896 804 praeerat,
930 740 1191 787 Cononem
1225 743 1471 795 evocavit,
1504 738 1744 785 simulans

249 811 315 858 ad
337 827 512 873 regem
538 826 656 856 eum
679 825 732 855 se
754 812 964 855 mittere
988 807 1117 854 velle
1140 823 1329 870 magna
1351 807 1415 853 de
1438 822 1510 852 re.
1578 805 1744 852 Huius

247 881 428 924 nuntio
463 893 646 939 parens
672 893 787 922 cum
813 878 1054 931 venisset,
1079 878 1131 920 in
1158 873 1322 920 vincla
1352 876 1610 920 coniectus
1647 879 1744 928 est,

196 953 222 990 4
245 949 297 991 in
335 946 517 1007 quibus
557 943 868 1005 aliquamdiu
905 941 1018 988 fuit.
1090 941 1216 987 Inde
1255 940 1483 986 nonnulli
1521 956 1641 986 eum
1679 939 1746 986 ad

248 1028 424 1074 regem
465 1011 743 1058 abductum
782 1011 955 1072 ibique
997 1025 1115 1055 eum
1154 1011 1345 1071 perisse
1386 1010 1630 1070 scriptum
1668 1022 1746 1053 re—

248 1079 522 1141 liquerunt.
592 1078 782 1124 Contra
837 1093 899 1123 ea
954 1076 1126 1122 Dinon
1179 1075 1464 1130 historicus,
1518 1076 1599 1120 cui
1653 1089 1744 1120 nos

247 1146 520 1209 plurimum
578 1145 643 1192 de
701 1144 913 1191 Persicis
969 1144 1121 1189 rebus
1184 1142 1454 1197 credimus,
1511 1139 1746 1203 effugisse

248 1217 474 1275 scripsit,
521 1211 646 1258 illud
676 1212 966 1267 addubitat,
994 1217 1168 1257 utrum
1196 1209 1428 1256 Tiribazo
1457 1211 1651 1255 sciente
1681 1224 1744 1254 an

249 1280 574 1344 imprudente
600 1282 666 1325 sit
690 1278 900 1325 factum.

854 1490 919 1537 X.
988 1489 1167 1538 DION

312 1590 360 1640 1.
398 1591 550 1646 Dion,
564 1589 832 1652 Hipparini
848 1588 995 1644 filius,
1011 1587 1371 1652 Syracusanus,
1387 1587 1543 1634 nobili
1558 1603 1747 1650 genere

250 1666 418 1714 natus,
461 1665 679 1720 utraque
722 1656 1009 1718 implicatus
1053 1655 1325 1718 tyrannide
1369 1655 1744 1718 Dionysiorum.

251 1725 485 1787 Namque
508 1724 591 1770 ille
615 1727 842 1786 superior
865 1721 1518 1777 Aristomachen,sssororem
1551 1722 1747 1776 Dionis,

248 1791 431 1841 habuit
451 1795 503 1837 in
523 1793 863 1846 matrimonio,
887 1806 951 1836 ex
973 1806 1074 1852 qua
1095 1789 1220 1835 duos
1243 1788 1386 1844 filios,
1409 1788 1747 1851 Hipparinum

253 1866 307 1905 et
353 1859 613 1914 Nisaeum,
658 1860 942 1920 procreavit
987 1856 1308 1919 totidemque
1355 1856 1498 1911 filias,
1543 1858 1747 1902 nomine

252 1925 610 1988 Sophrosynen
649 1932 702 1971 et
740 1925 954 1980 Areten,
993 1940 1208 1987 quarum
1244 1926 1464 1985 priorem
1502 1922 1748 1985 Dionysio

253 1993 371 2048 filio,
425 1993 591 2039 eidem
643 1994 723 2038 cui
773 2007 990 2054 regnum
1041 1990 1265 2053 reliquit,
1316 1997 1535 2052 nuptum
1586 1989 1748 2045 dedit,

252 2060 484 2115 alteram,
510 2060 725 2114 Areten,
752 2058 921 2104 Dioni.

199 2133 225 2172 2
314 2127 450 2173 Dion
504 2133 679 2173 autem
732 2132 938 2187 praeter
995 2123 1218 2170 nobilem
1236 2124 1256 2154 2
1311 2125 1748 2186 propinquitatem

249 2209 653 2257 generosamque
673 2194 693 2222 2
712 2195 960 2238 maiorum
977 2190 1168 2237 famam
1185 2190 1349 2237 multa
1367 2190 1465 2236 alia
1482 2191 1547 2236 ab
1565 2197 1749 2237 natura

251 2260 432 2308 habuit
453 2261 605 2316 bona,
629 2263 680 2306 in
703 2262 763 2306 iis
795 2261 1057 2322 ingenium
1087 2257 1266 2314 docile,
1290 2273 1452 2313 come,
1477 2264 1655 2320 aptum
1684 2257 1749 2304 ad

419 2359 436 2383 ²
465 2357 672 2404 Gnidum,
692 2356 826 2396 MSS.

416 2413 431 2437 ²
460 2411 649 2451 nobilem
666 2410 751 2450 and
768 2422 1018 2462 generosam
1036 2408 1277 2459 transposed
1294 2408 1344 2458 by
1361 2406 1578 2447 Dederich.

328 2520 344 2545 ²
373 2520 463 2559 The
483 2523 594 2559 term
614 2518 787 2571 applied
806 2517 866 2569 by
885 2517 960 2557 the
979 2516 1140 2558 Greeks
1160 2519 1207 2556 to
1226 2516 1301 2555 the
1321 2515 1441 2568 King
1461 2516 1507 2556 of
1523 2515 1683 2556 Persia.

251 2590 342 2636 474
