1747 2912
507 113 561 161 L.
618 113 708 158 AN
717 111 948 160 NAEUS
999 112 1269 160 FLORUS

59 250 107 289 11
153 246 228 290 sui
268 246 448 289 nuntio
486 245 654 304 coegit
689 242 751 287 ab
798 241 960 287 insula
1006 240 1198 303 fugere.
1269 241 1399 288 Tum
1440 245 1623 304 praeci-

145 330 303 388 pitem
367 325 501 388 apud
555 325 917 387 Thermopylas
964 324 1248 382 adsecutus,
1307 324 1473 370 locum
1528 332 1629 372 tre-

145 415 406 455 centorum
434 408 689 454 Laconum
715 411 938 469 speciosa
963 407 1105 453 clade
1142 407 1538 465 memorandum,
1563 425 1628 455 ne

146 493 214 538 ibi
257 492 461 555 quidem
504 492 683 538 fiducia
725 491 821 537 loci
863 495 1202 548 resistentem,
1242 495 1365 536 mari
1403 508 1460 538 ac
1495 497 1630 538 terra

60 584 108 622 12
147 576 327 623 cedere
354 580 534 637 coegit.
609 575 793 622 Statim
832 581 886 621 et
922 591 950 621 e
976 578 1189 636 vestigio
1214 578 1315 621 itur
1340 578 1393 620 in
1419 575 1626 637 Syriam.

147 660 324 706 Classis
361 663 498 721 regia
541 658 880 721 Polyxenidae
924 658 1265 720 Annibalique
1305 662 1632 704 commissa—

144 760 261 789 nam
319 760 406 789 rex
467 742 713 804 proelium
772 758 866 788 nec
927 749 1156 804 spectare
1214 742 1631 804 poterat,—duce

146 827 364 873 Aemilio
404 826 616 888 Regillo,
653 825 1082 887 adremigantibus
1119 825 1323 872 Rhodiis
1359 832 1469 872 tota
1502 825 1632 873 lace-

60 919 109 958 13
147 918 296 957 ratur.
371 910 450 956 Ne
509 911 603 956 sibi
654 909 889 971 placeant
946 909 1216 964 Athenae3
1268 912 1322 955 in
1379 909 1633 956 Antiocho

146 998 351 1040 vicimus
377 993 598 1051 Xerxen,
624 996 677 1038 in
712 993 935 1039 Aemilio
959 992 1260 1039 Alcibiaden
1295 997 1633 1055 aequavimus,

60 1086 111 1124 14
153 1078 354 1140 Epheso
396 1076 646 1124 Salamina
687 1080 1019 1139 pensavimus.
1110 1077 1239 1123 Tum
1282 1077 1488 1123 consule
1529 1077 1633 1124 Sci-

147 1166 314 1224 pione,
375 1165 453 1207 cui
524 1161 696 1219 frater,
752 1161 838 1207 ille
896 1160 1047 1207 modo
1097 1164 1253 1207 victor
1319 1161 1634 1223 Carthaginis

142 1245 420 1303 Africanus,
483 1245 659 1292 aderat
717 1245 999 1291 voluntaria
1050 1244 1324 1306 legatione,
1393 1244 1635 1291 debellari

147 1345 319 1391 regem
362 1329 542 1391 placet.
618 1329 685 1374 Et
721 1332 819 1374 iam
852 1335 961 1375 toto
998 1335 1217 1375 cesserat
1253 1332 1393 1386 mari,
1420 1329 1510 1375 sed
1544 1345 1635 1375 nos

60 1421 110 1460 15
146 1418 274 1459 imus
304 1413 528 1459 ulterius.
604 1412 936 1459 Maeandrum
969 1412 1033 1459 ad
1069 1429 1270 1459 amnem
1306 1419 1635 1476 montemque

147 1497 375 1560 Sipylum
397 1504 557 1543 castra
581 1503 850 1559 ponuntur.
927 1497 1027 1543 Hic
1045 1513 1148 1554 rex,
1173 1496 1470 1544 incredibile
1495 1496 1636 1544 dictu

61 1589 110 1628 16
149 1583 326 1645 quibus
353 1581 563 1638 auxiliis,
590 1582 771 1643 quibus
808 1584 963 1643 copiis
1001 1581 1312 1628 consederat.
1385 1581 1636 1628 Trecenta

146 1666 283 1712 milia
307 1666 553 1727 peditum,
580 1669 809 1728 equitum
845 1665 1244 1728 falcatorumque
1275 1682 1510 1712 curruum
1533 1682 1636 1712 non

146 1754 308 1796 minor
366 1766 616 1797 numerus.
714 1750 1014 1812 Elephantis
1079 1749 1143 1796 ad
1213 1750 1308 1796 hoc
1377 1753 1636 1798 inmensae

146 1834 526 1896 magnitudinis,
569 1850 688 1880 auro
736 1851 955 1896 purpura
1002 1840 1214 1896 argento
1257 1840 1311 1880 et
1353 1849 1442 1880 suo
1484 1835 1636 1880 ebore

62 1924 111 1964 17
150 1917 480 1980 fulgentibus,
516 1921 675 1964 aciem
709 1921 959 1979 utrimque
995 1915 1307 1963 vallaverat.1
1377 1916 1478 1964 Sed
1511 1916 1636 1964 haec

147 2006 313 2048 omnia
346 2002 640 2064 praepedita
676 2001 1029 2063 magnitudine
1074 2017 1175 2058 sua,
1215 2000 1278 2046 ad
1322 2000 1418 2047 hoc
1455 2002 1634 2059 imbre,

148 2090 233 2148 qui
270 2087 435 2132 subito
469 2085 759 2147 superfusus
795 2089 920 2130 mira
954 2085 1199 2132 felicitate
1239 2084 1460 2131 Persicos
1494 2101 1636 2131 arcus

149 2171 475 2232 corruperat.2
548 2170 769 2215 Primum
811 2169 1100 2232 trepidatio,
1137 2185 1252 2215 mox
1287 2168 1424 2231 fuga,
1449 2169 1635 2217 deinde

62 2261 114 2301 18
153 2255 437 2317 triumphus
480 2254 700 2301 fuerunt.
775 2254 921 2301 Victo
963 2260 1017 2301 et
1057 2253 1269 2316 supplici
1310 2269 1487 2315 pacem
1524 2270 1635 2317 par-

341 2397 357 2421 1
388 2396 657 2436 vallaverat:
693 2395 967 2435 vallaverant
987 2396 1092 2436 NL:
1126 2395 1374 2435 variaverat
1392 2395 1445 2435 B.

340 2449 356 2474 ²
386 2454 667 2502 corruperat:
698 2454 959 2502 perruperat
978 2450 1028 2489 B.

155 2541 244 2573 122
