1747 2912
521 145 573 191 L.
625 145 965 193 ANNAEUS
1016 145 1286 194 FLORUS

147 274 443 331 spexissent,
480 272 716 334 praedam
746 280 1002 335 putantes,
1031 277 1138 320 ausi
1173 278 1327 320 etiam
1360 291 1635 331 occurrere,

147 363 200 403 et
223 362 382 419 primo
408 363 603 421 impetu
627 363 823 422 ingenti
861 360 1085 422 lapidum
1110 377 1440 424 saxorumque
1466 363 1637 408 nimbo

95 453 120 490 5
147 444 354 491 classem
402 454 723 508 operuerunt.
800 447 978 494 Tribus
1021 451 1233 510 quisque
1281 448 1452 495 fundis
1495 465 1637 510 proe-

146 531 342 579 liantur.
419 533 591 580 Certos
632 550 740 580 esse
783 538 892 596 quis
935 538 1146 581 miretur
1178 538 1322 593 ictus,
1359 552 1475 582 cum
1513 535 1639 582 haec

149 619 253 665 sola
282 624 425 681 genti
459 638 594 666 arma
625 625 742 679 sint,
768 621 819 667 id
852 638 1009 668 unum
1038 623 1101 667 ab
1138 621 1351 668 infantia
1382 623 1638 669 studium?

147 707 313 753 cibum
352 724 476 769 puer
519 725 546 753 a
588 715 749 755 matre
789 725 890 754 non
934 709 1156 771 accipit,1
1192 712 1288 755 nisi
1337 726 1489 772 quem
1534 713 1642 772 ipsa

146 801 461 841 monstrante
509 799 825 857 percusserit.
901 796 1002 843 Sed
1050 813 1153 842 non
1199 796 1285 843 diu
1332 797 1641 860 lapidatione

97 887 124 926 6
152 881 398 928 Romanos
435 889 677 930 terruere.
752 884 883 928 Nam
919 890 1185 945 postquam
1221 887 1498 930 comminus
1521 900 1641 930 ven-

148 975 258 1015 tum
285 976 362 1016 est
388 974 687 1032 expertique
704 977 863 1017 rostra
888 977 941 1017 et
966 971 1067 1033 pila
1091 974 1365 1028 venientia,
1389 971 1642 1033 pecudum

149 1059 201 1101 in
242 1073 432 1103 morem
471 1057 687 1105 clamore
735 1058 934 1104 sublato
972 1061 1264 1120 petiverunt
1311 1057 1433 1120 fuga
1479 1059 1643 1116 litora,

149 1143 430 1206 dilapsique
478 1149 530 1190 in
567 1148 817 1207 proximos
864 1146 1084 1192 tumulos
1121 1146 1399 1208 quaerendi
1436 1145 1644 1194 fuerunt

148 1237 205 1277 ut
231 1235 565 1280 vincerentur.

442 1390 665 1440 XLIIII.
703 1391 979 1437 EXPEDITIO
1018 1405 1068 1437 IN
1107 1390 1318 1437 CYPRVM

59 1504 131 1547 111,
159 1489 186 1535 9
256 1489 469 1535 ADERAT
503 1488 663 1536 fatum
699 1489 986 1535 insularum.
1064 1488 1227 1550 Igitur
1260 1496 1314 1535 et
1347 1489 1534 1552 Cypros
1569 1504 1644 1535 re-

150 1584 297 1638 cepta
333 1580 439 1623 sine
489 1576 635 1622 bello.
713 1576 936 1623 Insulam
972 1577 1227 1622 veteribus
1264 1576 1453 1623 divitiis
1488 1577 1644 1622 abun-

99 1671 123 1709 2
149 1664 357 1710 dantem
379 1671 431 1710 et
457 1665 519 1709 ob
545 1664 639 1710 hoc
656 1664 845 1710 Veneri
865 1680 1052 1710 sacram
1082 1663 1398 1710 Ptolemaeus
1418 1664 1641 1726 regebat.

100 1759 125 1798 3
153 1750 253 1797 Sed
291 1751 576 1798 divitiarum
610 1757 754 1797 tanta
784 1758 892 1798 erat
924 1750 1071 1808 fama,
1108 1767 1203 1796 nec
1241 1750 1379 1808 falso,
1406 1758 1464 1797 ut
1489 1754 1647 1797 victor

151 1842 382 1901 gentium
436 1838 649 1900 populus
702 1845 755 1885 et
814 1839 1000 1884 donare
1047 1854 1204 1900 regna
1258 1845 1543 1895 consuetuS,
1592 1838 1640 1884 P.

151 1926 324 1972 Clodio
360 1928 563 1972 tribuno
597 1926 757 1987 plebis
788 1926 934 1982 duce,
965 1929 1082 1971 socii
1119 1929 1318 1987 vivique
1356 1929 1489 1988 regis
1526 1941 1644 1972 con-

102 2022 128 2058 4
152 2013 461 2059 fise-ationem
520 2012 848 2059 mandaverit.
924 2013 991 2059 Et
1050 2012 1136 2059 ille
1197 2012 1402 2074 quidem
1461 2012 1525 2058 ad
1572 2016 1646 2058 rei

98 2109 125 2147 5
151 2100 335 2146 famam
383 2117 580 2146 veneno
632 2100 736 2146 fata
794 2102 1066 2162 praecepit.
1143 2099 1379 2146 Ceterum
1443 2099 1642 2146 Porcius

153 2188 276 2234 Cato
314 2187 516 2250 Cyprias
554 2203 674 2249 opes
725 2187 958 2233 Liburnis
995 2203 1084 2248 per
1125 2186 1418 2232 Tiberinum
1459 2189 1641 2232 ostium

149 2278 354 2321 invexit.
431 2273 573 2331 Quae
616 2291 695 2321 res
731 2274 880 2320 latius
916 2277 1162 2320 aerarium
1208 2273 1384 2336 populi
1434 2273 1643 2319 Romani

151 2378 300 2424 quam
325 2361 455 2407 ullus
479 2361 764 2424 triumphus
790 2361 1032 2423 implevit.

643 2488 658 2512 ยน
689 2490 875 2540 accipit:
907 2489 1077 2540 accepit
1098 2489 1150 2529 B.

160 2560 250 2619 198
