1802 2942
644 166 1040 215 CORNELIUS
1085 166 1306 215 NEPOS

225 296 380 342 labor.
450 295 634 358 Itaque
659 294 806 343 huius
833 298 1077 342 memoria
1103 303 1182 342 est
1206 295 1360 351 nulla,
1385 295 1515 342 illius
1542 302 1716 343 autem

224 378 411 425 magna
431 361 584 418 sama,
605 379 668 409 ex
690 379 789 425 quo
809 366 1108 426 cognomine
1127 362 1294 409 Bonus
1316 370 1395 410 est
1415 362 1714 425 appellatus.

175 436 198 473 2
225 430 342 476 Fuit
382 432 516 476 enim
553 437 804 492 perpetuo
841 446 1052 492 pauper,
1091 446 1206 476 cum
1244 430 1568 477 divitissimus
1607 446 1716 477 esse

224 504 397 559 posset
434 504 643 559 propter
681 496 963 559 frequentis
1004 496 1199 544 delatos
1238 496 1452 544 honores
1491 504 1719 559 potesta-

175 572 199 610 3
223 572 405 626 tesque
425 580 663 619 summas,
684 580 815 626 quae
835 567 881 610 ei
901 581 931 610 a
947 564 1134 626 populo
1153 564 1420 611 dabantur.
1490 563 1586 611 Hic
1603 581 1719 611 cum

227 648 257 677 a
278 646 400 694 rege
425 630 657 693 Philippo
679 647 892 678 munera
913 647 1131 694 magnae
1154 634 1400 693 pecuniae
1423 632 1718 693 repudiaret

226 698 486 761 legatique
506 697 830 745 hortarentur
851 701 1077 760 accipere
1098 698 1346 761 simulque
1369 699 1720 755 admonerent,

223 769 264 812 si
283 769 390 827 ipse
409 768 467 811 iis
488 764 634 812 facile
654 772 867 820 careret,
887 765 1054 812 liberis
1075 773 1250 812 tamen
1270 769 1370 812 suis
1390 769 1720 828 prospiceret,

228 833 408 895 quibus
447 832 644 879 difficile
683 840 818 879 esset
854 835 906 878 in
943 849 1141 879 summa
1177 839 1482 895 paupertate
1519 840 1719 879 tantam

173 907 200 945 4
224 907 491 963 paternam
541 902 675 946 tueri
725 899 955 963 gloriam,
991 899 1067 946 his
1117 899 1202 946 ille
1240 899 1268 916 “
1293 898 1344 946 Si
1393 903 1496 946 mei
1532 900 1719 947 similes

229 974 396 1022 erunt,
426 967 563 1013 idem
593 965 725 1022 hic,''
757 969 939 1030 inquit,
972 966 999 982 “
1025 967 1217 1029 agellus
1247 966 1354 1013 illos
1387 966 1491 1013 alet
1521 970 1607 1030 qui
1635 983 1720 1014 me

229 1035 294 1081 ad
333 1033 463 1080 hanc
504 1034 811 1097 dignitatem
852 1034 1120 1096 perduxit;
1179 1036 1255 1080 sin
1297 1033 1560 1081 dissimiles
1601 1042 1722 1082 sunt

228 1100 404 1156 futuri,
453 1101 568 1148 nolo
617 1104 743 1148 meis
793 1104 1032 1164 impensis
1082 1100 1280 1148 illorum
1329 1101 1394 1147 ali
1445 1105 1721 1165 augerique

228 1167 529 1215 luxuriam.’'

290 1234 339 1285 2.
376 1235 520 1282 Idem
540 1235 561 1265 1
615 1252 730 1282 cum
782 1251 941 1298 prope
995 1236 1060 1283 ad
1114 1252 1302 1282 annum
1356 1238 1722 1299 octogesimum

227 1319 468 1365 prospera
507 1306 821 1365 pervenisset
861 1302 1081 1358 fortuna,
1124 1305 1365 1349 extremis
1405 1305 1720 1366 temporibus

177 1376 202 1414 2
226 1387 470 1434 magnum
508 1373 560 1415 in
599 1370 771 1417 odium
808 1373 1043 1432 pervenit
1082 1386 1286 1416 suorum
1324 1373 1525 1426 civium,
1559 1374 1722 1433 primo

231 1437 367 1501 quod
420 1454 535 1484 cum
584 1437 817 1484 Demade
866 1438 930 1485 de
977 1438 1103 1484 urbe
1150 1437 1402 1484 tradenda
1449 1438 1722 1501 Antipatro

230 1511 555 1552 consenserat
621 1508 831 1567 eiusque
896 1504 1100 1551 consilio
1167 1503 1542 1551 Demosthenes
1607 1522 1722 1552 cum

231 1575 412 1619 ceteris
439 1575 525 1634 qui
550 1572 682 1618 bene
709 1572 772 1619 de
798 1588 853 1618 re
879 1571 1081 1634 publica
1103 1575 1274 1618 meriti
1301 1572 1724 1619 existimabantur

230 1638 403 1702 populi
431 1642 555 1685 scito
582 1642 633 1684 in
663 1639 893 1686 exsilium
921 1646 1068 1686 erant
1095 1638 1306 1701 expulsi.
1376 1638 1556 1701 Neque
1583 1642 1634 1685 in
1662 1656 1723 1686 eo

232 1706 393 1753 solum
411 1705 710 1762 offenderat,
731 1707 866 1769 quod
891 1709 1089 1768 patriae
1113 1706 1247 1752 male
1274 1706 1613 1762 consuluerat,
1632 1707 1723 1753 sed

180 1781 204 1820 3
231 1777 387 1820 etiam
405 1773 540 1836 quod
560 1776 812 1820 amicitiae
830 1774 983 1820 fidem
998 1790 1099 1819 non
1113 1776 1457 1835 praestiterat.
1490 1773 1724 1836 Namque

234 1848 409 1887 auctus
436 1841 740 1902 adjutusque
766 1857 796 1886 a
821 1840 1169 1887 Demosthene
1196 1856 1313 1887 eum
1339 1856 1491 1903 quem
1506 1841 1725 1888 tenebat

235 1907 533 1953 ascenderat
575 1908 807 1971 gradum,
851 1924 965 1954 cum
1010 1908 1246 1954 adversus
1291 1907 1563 1953 Charetem
1608 1924 1725 1954 eum

233 1975 558 2030 subornaret3
597 1975 661 2021 ab
683 1975 863 2022 eodem
883 1978 935 2021 in
955 1975 1167 2030 iudiciis,
1188 1991 1302 2021 cum
1323 1977 1500 2037 capitis
1522 1991 1725 2022 causam

568 2121 586 2147 ²
613 2121 745 2170 idem,
770 2122 1031 2174 Schoppius3
1073 2122 1228 2170 eidem,
1254 2120 1388 2162 MSS.

297 2306 313 2330 1
342 2305 530 2345 Honores
563 2318 634 2343 are
666 2305 982 2355 magistracies3
1033 2308 1247 2355 potestates
1278 2304 1314 2343 is
1348 2316 1374 2342 a.
1406 2315 1523 2343 more
1555 2303 1724 2355 general

238 2364 363 2399 term.
427 2358 544 2398 Both
564 2372 636 2398 are
660 2359 833 2398 Roman
852 2362 986 2398 terms
1006 2373 1015 2403 ;
1046 2358 1100 2397 cf.
1124 2371 1165 2397 n.
1189 2360 1229 2404 2,
1254 2371 1294 2409 p.
1321 2360 1416 2398 564.

293 2414 309 2437 ²
339 2412 452 2451 That
470 2413 521 2458 is,
541 2415 589 2451 at
608 2411 682 2450 the
702 2424 887 2463 expense
907 2412 951 2451 of
970 2411 1035 2450 his
1054 2411 1167 2462 good
1186 2423 1327 2450 name.

295 2466 312 2490 ⁸
341 2466 431 2504 The
451 2465 609 2504 second
628 2477 780 2503 reason
799 2464 963 2504 follows
981 2465 1027 2504 in
1046 2465 1064 2514 §
1084 2466 1124 2505 4.

297 2520 314 2544 ‘²
346 2518 423 2559 See
444 2519 520 2558 xii.
540 2519 579 2564 3,
604 2521 641 2566 1,
662 2518 751 2558 and
770 2523 875 2559 note
895 2522 935 2560 4.

233 2597 324 2659 598
