1802 2942
664 128 1059 180 CORNELIUS
1105 126 1326 176 NEPOS

306 257 355 307 4.
391 258 701 305 Conflixerat
740 258 876 320 apud
914 256 1217 304 Rhodanum
1255 273 1371 303 cum
1409 254 1465 302 P.
1506 253 1738 302 Cornelio

243 332 474 395 Scipione
491 331 694 379 consule
713 347 931 394 eumque
948 330 1232 393 pepulerat.
1301 330 1430 377 Cum
1444 328 1540 377 hoc
1556 328 1737 376 eodem

244 408 454 456 Clastidi
491 407 627 470 apud
663 406 859 454 Padum
896 407 1125 453 decernit
1161 408 1489 469 sauciumque
1523 405 1643 452 inde
1680 420 1738 452 ac

191 488 215 526 2
240 481 475 546 fugatum
509 482 739 529 dimittit.
821 481 994 528 Tertio
1029 480 1167 527 idem
1199 479 1364 542 Scipio
1396 496 1512 526 cum
1544 478 1739 543 collega

242 557 316 603 Ti.
345 556 521 620 Longo
548 556 683 618 apud
707 555 942 602 Trebiam
977 555 1214 602 adversus
1241 570 1359 601 eum
1383 556 1540 601 venit.
1609 552 1738 600 Cum

242 630 317 677 his
343 647 551 677 manum
576 632 831 677 conseruit
855 636 1098 692 utrosque
1123 627 1426 692 profligavit.
1495 626 1622 675 Inde
1648 643 1740 690 per

190 713 214 752 3
241 704 452 768 Ligures
470 706 833 767 Appenninum
849 706 1069 759 transiit,
1085 709 1267 765 petens
1285 702 1558 749 Etruriam.
1627 701 1739 748 Hoc

241 781 423 825 itinere
444 779 570 825 adeo
589 781 729 841 gravi
747 778 923 824 morbo
942 777 1174 824 adficitur
1192 776 1466 832 oculorum,
1483 782 1543 823 ut
1560 783 1741 839 postea

241 869 520 915 numquam
548 853 729 899 dextro
758 868 921 915 aeque
947 852 1081 898 bene
1108 868 1226 898 usus
1254 854 1335 898 sit.
1404 850 1520 910 Qua
1545 850 1740 897 valetu-

241 927 359 974 dine
379 944 494 973 cum
515 930 671 973 etiam
690 933 803 973 tum
825 926 845 955 1
863 932 1183 988 premeretur
1199 924 1484 988 lecticaque
1503 923 1739 983 ferretur,

242 1001 297 1048 C.
353 1000 656 1047 Flaminium
707 999 965 1046 consulem
1017 998 1154 1062 apud
1204 999 1573 1046 Trasumenum
1623 1015 1740 1045 cum

242 1078 471 1122 exercitu
500 1075 690 1121 insidiis
721 1077 1121 1120 circumventum
1151 1074 1351 1129 occidit,
1381 1089 1550 1136 neque
1578 1072 1741 1120 multo

241 1157 357 1213 post
401 1149 456 1196 C.
502 1148 808 1195 Centenium
851 1154 1142 1211 praetorem
1185 1165 1300 1194 cum
1343 1147 1545 1195 delecta
1585 1163 1741 1194 manu

240 1223 398 1271 saltus
428 1230 779 1286 occupantem.

190 1307 215 1343 4
304 1298 436 1345 Hinc
454 1301 506 1344 in
525 1297 766 1360 Apuliam
784 1299 1035 1360 pervenit.
1105 1296 1184 1344 Ibi
1203 1297 1403 1343 obviam
1423 1299 1470 1343 ei
1489 1303 1740 1344 venerunt

241 1372 342 1420 duo
360 1371 606 1428 consules,
625 1371 679 1419 C.
699 1371 967 1418 Terentius
986 1378 1041 1418 et
1058 1371 1115 1418 L.
1135 1371 1398 1418 Aemilius.
1459 1371 1740 1434 Utriusque

242 1449 494 1493 exercitus
548 1463 649 1493 uno
702 1445 892 1509 proelio
946 1444 1161 1509 fugavit,
1215 1445 1429 1492 Paulum
1482 1444 1739 1492 consulem

241 1522 424 1569 occidit
460 1528 514 1568 et
550 1521 744 1584 aliquot
778 1527 1047 1583 praeterea
1083 1519 1386 1576 consulares,
1422 1523 1474 1566 in
1510 1519 1586 1567 his
1623 1519 1738 1567 Cn.2

241 1594 506 1642 Servilium
525 1594 815 1651 Geminum,
834 1597 920 1658 qui
937 1597 1194 1657 superiore
1213 1611 1344 1641 anno
1362 1592 1532 1641 fuerat
1549 1593 1737 1641 consul.

304 1667 352 1718 5.
390 1668 500 1715 Hac
518 1685 692 1731 pugna
716 1675 963 1732 pugnata,
980 1667 1194 1714 Romam
1218 1666 1476 1730 profectus
1501 1667 1639 1715 nullo
1662 1683 1741 1715 re-

241 1747 473 1798 sistente,
505 1746 557 1788 in
588 1745 881 1805 propinquis
913 1743 1025 1789 urbi
1044 1742 1064 1772 3
1095 1742 1354 1789 montibus
1384 1748 1610 1788 moratus
1644 1748 1739 1790 est.

242 1817 370 1863 Cum
413 1816 606 1879 aliquot
646 1817 716 1862 ibi
758 1816 864 1862 dies
907 1822 1073 1862 castra
1113 1814 1376 1862 habuisset
1416 1821 1471 1862 et
1512 1814 1740 1878 Capuam

241 1898 601 1946 reverteretur,
626 1889 687 1949 Q.
715 1890 898 1936 Fabius
925 1889 1201 1945 Maximus,
1224 1889 1444 1936 dictator
1465 1888 1740 1946 Romanus,

189 1972 214 2011 2
238 1968 290 2011 in
320 1982 440 2028 agro
472 1964 685 2011 Falerno
716 1967 762 2011 ei
791 1980 846 2011 se
876 1964 1078 2011 obiecit.
1148 1963 1262 2020 Hic,
1291 1963 1488 2010 clausus
1517 1962 1740 2010 locorum

242 2042 505 2102 angustiis,
548 2045 703 2085 noctu
744 2040 852 2084 sine
894 2037 995 2084 ullo
1037 2038 1348 2084 detrimento
1391 2040 1643 2085 exercitus
1685 2055 1740 2086 se

242 2113 502 2175 expedivit
550 2112 827 2175 Fabioque,
874 2111 1192 2158 callidissimo
1238 2114 1550 2174 imperatori,
1596 2112 1741 2160 dedit

241 2187 423 2241 verba3
469 2202 690 2249 namque
718 2186 939 2233 obducta
966 2193 1116 2233 nocte
1144 2192 1403 2232 sarmenta
1427 2188 1480 2231 in
1507 2187 1740 2234 cornibus

300 2316 316 2340 1
346 2316 479 2355 etiam
491 2320 602 2361 tum,
617 2315 654 2354 R
672 2314 725 2354 M
737 2330 747 2362 ;
767 2315 1024 2361 etiamnum,
1037 2313 1075 2353 A
1091 2327 1119 2354 u
1130 2328 1143 2362 3
1167 2315 1302 2354 etiam
1314 2327 1444 2362 nunc,
1458 2314 1518 2362 B;
1538 2315 1737 2361 nimium,

241 2369 313 2447 P'2
343 2422 418 2462 Cn.
441 2422 643 2469 Lambim
681 2422 746 2468 P„
770 2422 903 2461 MSS.

296 2476 313 2501 ³
342 2477 454 2523 urbi,
476 2476 612 2516 Fleck.
627 2490 637 2522 ;
676 2476 808 2523 urbis,
830 2475 965 2516 MSS.

245 2555 336 2612 630
