1802 2942
573 143 970 193 CORNELIUS
1020 143 1241 192 NEPOS

162 290 337 338 posse:
378 280 536 336 ponte
562 276 698 320 enim
722 276 948 329 rescisso,
971 289 1147 336 regem
1171 271 1253 319 vel
1276 270 1500 319 hostium
1522 271 1655 320 ferro

165 352 245 398 vel
268 355 436 413 inopia
460 354 632 413 paucis
658 351 835 397 diebus
863 353 1206 396 interiturum.

114 437 139 474 5
227 429 311 475 Ad
338 427 431 474 hoc
460 427 721 474 consilium
749 444 864 474 cum
891 427 1121 490 plerique
1150 426 1470 483 accederent,
1498 426 1656 474 Histi-

165 522 284 552 aeus
312 505 541 552 Milesius
566 521 631 551 ne
656 521 735 551 res
760 504 1093 551 conficeretur
1116 505 1335 560 obstitit,
1360 504 1531 551 dicens
1555 520 1657 551 non

163 584 300 630 idem
335 586 471 645 ipsis,
509 586 594 646 qui
630 599 851 629 summas
887 585 1086 644 imperii
1121 588 1378 638 tenerent,
1416 581 1656 644 expedire

166 668 220 707 et
247 660 579 716 multitudini,
609 659 746 723 quod
781 659 925 706 Darii
957 675 1115 723 regno
1149 663 1372 722 ipsorum
1407 662 1658 706 niteretur

165 739 471 792 dominati03
517 754 616 800 quo
644 740 915 793 exstincto,
941 740 1092 800 ipsos,
1118 744 1379 799 potestate
1406 736 1658 799 expulsos,

164 816 353 862 civibus
383 818 482 862 suis
510 831 700 876 poenas
730 815 952 861 daturos.
1023 814 1208 877 Itaque
1237 814 1366 861 adeo
1395 830 1450 861 se
1479 813 1659 861 abhor-

162 909 275 940 rere
303 909 333 939 a
359 900 645 939 ceterorum
673 892 894 948 consilio,
923 898 982 938 ut
1008 891 1132 937 nihil
1158 898 1310 954 putet
1336 894 1456 954 ipsis
1484 891 1656 939 utilius

116 978 141 1016 6
166 987 319 1034 quam
371 970 653 1017 confirmari
704 986 919 1033 regnum
972 969 1255 1016 Persarum.
1325 969 1490 1016 Huius
1542 986 1658 1016 cum

164 1051 474 1095 sententiam
523 1047 724 1110 plurimi
776 1054 946 1094 essent
995 1050 1174 1104 secuti,
1227 1046 1508 1103 Miltiades,
1557 1064 1660 1094 non

165 1126 403 1173 dubitans
435 1132 543 1171 tam
573 1125 745 1171 multis
777 1128 983 1172 consciis
1016 1125 1081 1172 ad
1110 1128 1243 1188 regis
1276 1140 1422 1171 aures
1453 1124 1661 1172 consilia

166 1220 257 1250 sua
311 1210 635 1266 perventura,
691 1201 1061 1249 Chersonesum
1116 1203 1324 1265 reliquit
1378 1218 1437 1249 ac
1489 1219 1659 1249 rursus

166 1280 396 1327 Athenas
441 1280 759 1344 demigravit.
830 1280 982 1326 Cuius
1026 1283 1155 1326 ratio
1200 1283 1296 1327 etsi
1339 1296 1442 1327 non
1483 1279 1660 1337 valuit,

167 1365 342 1405 tamen
391 1374 577 1421 magno
629 1373 782 1420 opere
835 1364 913 1404 est
963 1357 1235 1414 laudanda,
1285 1374 1403 1404 cum
1454 1361 1661 1405 amicior

167 1439 391 1482 omnium
419 1435 645 1482 libertati
674 1452 827 1498 quam
857 1451 978 1482 suae
1007 1435 1164 1482 fuerit
1192 1435 1541 1482 dominationi.

229 1511 277 1562 4.
317 1513 500 1559 Darius
533 1520 723 1569 autem,
745 1530 860 1559 cum
898 1529 961 1559 ex
986 1513 1191 1576 Europa
1226 1516 1279 1559 in
1299 1513 1474 1560 Asiam
1506 1513 1662 1561 redis-

169 1598 264 1647 set,
310 1590 629 1637 hortantibus
676 1593 845 1637 amicis
892 1597 950 1638 ut
995 1590 1262 1638 Graeciam
1305 1591 1565 1655 redigeret
1608 1594 1662 1638 in

169 1684 308 1714 suam
363 1675 694 1730 potestatem,
746 1668 957 1715 classem
1010 1672 1406 1733 quingentarum
1457 1672 1662 1716 navium

169 1749 479 1808 comparavit
515 1749 664 1808 eique
700 1745 878 1792 Datim
912 1745 1161 1809 praefecit
1196 1753 1250 1793 et
1284 1745 1663 1809 Artaphernem

170 1826 331 1886 iisque
391 1823 613 1870 ducenta
670 1823 921 1886 peditum,
981 1823 1159 1870 decem
1227 1823 1368 1870 milia
1431 1828 1662 1888 equitum

170 1900 331 1956 dedit,
360 1917 564 1947 causam
591 1904 898 1947 interserens
928 1917 982 1947 se
1010 1900 1212 1948 hostem
1241 1918 1352 1948 esse
1381 1901 1664 1949 Athenien-

171 1978 324 2034 sibus,
349 1979 484 2041 quod
509 1994 682 2024 eorum
706 1978 891 2025 auxilio
917 1978 1065 2025 Iones
1089 1978 1257 2026 Sardis
1283 1988 1664 2044 expugnassent

121 2059 146 2098 2
170 2071 363 2118 suaque
397 2056 649 2118 praesidia
682 2055 1074 2103 interfecissent.
1145 2056 1223 2103 Illi
1257 2056 1505 2119 praefecti
1539 2061 1665 2123 regii

171 2133 329 2179 classe
358 2133 422 2180 ad
449 2133 712 2180 Euboeam
740 2134 951 2196 appulsa
977 2133 1212 2181 celeriter
1237 2135 1491 2182 Eretriam
1518 2152 1666 2199 cepe-

173 2217 293 2257 runt
324 2227 601 2274 omnesque
634 2214 740 2258 eius
771 2215 940 2274 gentis
972 2215 1105 2259 cives
1137 2212 1376 2275 abreptos
1406 2216 1460 2259 in
1490 2213 1661 2260 Asiam

237 2375 254 2400 1
283 2375 350 2414 He
375 2375 450 2414 did
473 2379 552 2414 not
573 2379 726 2415 return
749 2375 864 2414 until
886 2388 1004 2416 some
1027 2389 1153 2427 years
1176 2376 1302 2423 later,
1324 2377 1371 2415 in
1392 2378 1474 2417 493
1499 2389 1584 2417 B.c.

235 2428 251 2452 2
279 2429 383 2468 This
411 2441 499 2468 was
533 2430 578 2467 in
612 2430 694 2468 499
717 2440 801 2468 Bc.
834 2430 990 2481 during
1024 2430 1100 2470 the
1136 2430 1293 2470 Ionian
1325 2431 1484 2479 revolt,
1519 2431 1666 2472 before

178 2482 350 2523 Darius‘
374 2483 584 2535 Scythian
609 2483 877 2536 expedition.

181 2561 270 2620 378
