1802 2942
640 175 1035 224 CORNELIUS
1079 175 1299 225 NEPOS

215 301 431 349 reddere
501 301 843 366 Syracusanis.
925 305 972 351 A
1030 320 1132 367 qua
1188 304 1453 352 voluntate
1510 304 1707 353 Philisti

213 386 418 433 consilio
443 387 718 435 deterritus
745 389 1006 453 aliquanto
1030 388 1279 436 crudelior
1303 405 1413 436 esse
1437 393 1622 452 coepit.

275 469 324 518 4.
362 469 462 529 Qui
498 471 706 534 quidem
741 488 856 519 cum
893 489 923 518 a
959 472 1126 519 Dione
1161 488 1217 519 se
1252 475 1479 535 superari
1512 473 1711 520 videret

220 556 444 617 ingenio,
465 559 789 612 auctoritate,
807 573 977 603 amore
996 556 1188 619 populi,
1207 573 1386 603 verens
1406 573 1490 613 ne,
1527 562 1565 606 si
1593 573 1712 604 eum

220 654 393 684 secum
428 637 662 696 haberet,
688 639 910 703 aliquam
934 644 1250 687 occasionem
1274 643 1350 687 sui
1375 640 1523 688 daret
1546 644 1712 704 oppri-

214 722 405 778 mendi,
448 740 631 770 navem
674 727 720 770 ei
761 727 1024 771 triremem
1066 725 1227 781 dedit,
1270 741 1372 788 qua
1413 724 1713 772 Corinthum

217 807 575 865 deveheretur,
599 810 874 856 ostendens
898 826 952 856 se
981 810 1035 857 id
1062 814 1328 874 utriusque
1351 809 1520 858 facere
1544 827 1714 868 causa,

218 907 301 947 ne,
334 908 450 938 cum
482 895 617 938 inter
651 909 706 940 se
739 896 1002 950 timerent,
1037 893 1285 941 alteruter
1319 894 1540 951 alterum
1569 911 1715 957 prae-

169 981 192 1018 2
216 983 504 1038 occuparet.
575 977 636 1024 Id
694 994 809 1024 cum
868 976 1063 1025 factum
1120 978 1270 1025 multi
1327 979 1717 1042 indignarentur

217 1077 539 1123 magnaeque
570 1068 705 1108 esset
732 1062 952 1108 invidiae
979 1069 1217 1125 tyranno,
1246 1061 1520 1126 Dionysius
1548 1066 1718 1110 omnia

219 1160 351 1206 quae
388 1147 578 1191 moveri
614 1152 856 1207 poterant
893 1145 1072 1192 Dionis
1108 1148 1161 1191 in
1197 1148 1337 1192 navis
1373 1149 1616 1208 imposuit
1652 1145 1717 1193 ad

219 1244 439 1291 eumque
480 1232 634 1275 misit.
703 1229 783 1276 Sic
826 1233 961 1276 enim
1004 1232 1283 1276 existimari
1324 1230 1530 1277 volebat
1569 1231 1623 1277 id
1662 1247 1717 1277 se

218 1329 320 1358 non
364 1313 478 1359 odio
523 1312 757 1369 hominis,
801 1314 893 1360 sed
937 1330 1059 1360 suae
1104 1314 1281 1360 salutis
1325 1313 1505 1361 fecisse
1549 1331 1718 1363 causa.

169 1404 193 1443 3
219 1396 405 1443 Postea
455 1414 573 1444 vero
626 1414 779 1460 quam
831 1398 1026 1445 audivit
1095 1414 1214 1445 eum
1263 1401 1316 1445 in
1367 1398 1719 1462 Peloponneso

219 1498 427 1527 manum
477 1498 771 1544 comparare
822 1483 1019 1546 sibique
1069 1482 1262 1529 bellum
1311 1481 1480 1530 facere
1531 1487 1719 1540 conari,

221 1566 436 1621 Areten,
466 1566 643 1612 Dionis
671 1583 901 1622 uxorem,
929 1566 1012 1612 alii
1039 1574 1259 1629 nuptum
1287 1567 1431 1614 dedit
1459 1566 1719 1630 filiumque

223 1653 331 1696 eius
377 1653 447 1696 sic
495 1650 699 1696 educari
744 1653 908 1707 iussit,
954 1658 1013 1698 ut
1059 1651 1372 1714 indulgendo
1418 1654 1720 1714 turpissimis

172 1735 536 1780 4imbueretur
578 1734 960 1796 cupiditatibus.
1030 1734 1163 1781 Nam
1205 1752 1382 1797 puero,
1425 1739 1720 1799 priusquam

223 1819 385 1880 pubes
433 1825 585 1875 esset,
632 1826 798 1865 scorta
845 1819 1249 1876 adducebantur,
1295 1823 1410 1866 vino
1457 1820 1721 1883 epulisque

222 1903 552 1958 obruebatur,
596 1918 765 1965 neque
810 1902 968 1949 ullum
1012 1909 1216 1965 tempus
1261 1903 1426 1949 sobrio
1470 1903 1723 1966 relinque-

176 1996 198 2034 5
222 1987 389 2033 batur.
460 1986 508 2032 Is
535 2002 696 2049 usque
724 2003 783 2033 eo
809 1989 946 2033 Vitae
972 1993 1166 2033 statum
1191 1994 1562 2034 commutatum
1587 1987 1722 2036 ferre

225 2088 327 2118 non
369 2074 556 2133 potuit,
600 2078 873 2134 postquam
930 2073 982 2117 in
1039 2074 1259 2134 patriam
1315 2072 1468 2118 rediit
1509 2079 1724 2135 pater—

225 2171 447 2217 namque
478 2157 696 2216 appositi
727 2161 873 2201 erant
902 2155 1157 2211 custodes,
1188 2157 1274 2218 qui
1305 2171 1422 2202 eum
1452 2172 1482 2201 a
1508 2159 1722 2218 pristino

225 2242 363 2286 victu
394 2239 835 2286 deducerent—ut
866 2255 920 2286 se
952 2239 1017 2286 de
1049 2243 1307 2302 superiore
1338 2246 1487 2302 parte
1519 2240 1722 2287 aedium

225 2323 470 2371 deiecerit
498 2331 654 2386 atque
681 2326 757 2370 ita
782 2326 1050 2370 interierit.
1119 2323 1220 2371 Sed
1246 2323 1362 2370 illuc
1389 2331 1631 2371 revertor.

289 2406 336 2457 5.
375 2406 653 2469 Postquam
687 2405 986 2454 Corinthum
1017 2410 1252 2469 pervenit
1285 2406 1420 2453 Dion
1455 2414 1508 2454 et
1541 2408 1722 2455 eodem

226 2490 454 2555 perfugit
494 2491 808 2548 Heraclides,
849 2492 913 2538 ab
955 2491 1136 2539 eodem
1178 2491 1416 2555 expulsus
1459 2491 1722 2557 Dionysio,

228 2593 320 2651 480
