1802 2942
643 186 1037 235 CORNELIUS
1084 186 1305 236 NEPOS

225 333 310 364 eos
355 319 610 380 attingere
653 315 922 372 noluimus,
967 315 1104 379 quod
1146 319 1372 363 omnium
1413 332 1494 364 res
1537 322 1719 381 gestae

170 391 195 430 2
222 387 497 446 separatim
528 391 647 430 sunt
676 383 886 430 relatae.
956 383 1137 447 Neque
1169 391 1346 430 tamen
1375 386 1411 430 ii
1443 384 1717 432 admodum

224 459 343 498 sunt
386 451 550 497 multi.
620 450 1053 498 Lacedaemonius
1099 458 1273 498 autem
1318 451 1586 514 Agesilaus
1630 468 1719 499 no-

223 522 377 574 mine,
412 535 513 565 non
548 525 809 580 potestate
839 517 938 565 fuit
971 534 1080 573 rex,
1106 521 1236 565 sicut
1270 521 1429 565 ceteri
1463 518 1717 581 Spartani.

223 587 302 633 Ex
327 590 385 633 iis
411 603 530 632 vero
556 589 642 648 qui
668 586 986 632 dominatum
1010 589 1222 648 imperio
1247 592 1527 633 tenuerunt
1553 586 1719 633 excel-

222 653 488 700 lentissimi
510 652 735 708 fuerunt,
757 661 816 700 ut
836 670 926 700 nos
948 654 1245 709 iudicamus,
1268 652 1535 700 Persarum
1557 654 1719 717 Cyrus

223 728 278 768 et
309 721 511 776 Darius,
542 721 789 784 Hystaspi
816 719 970 776 filius,
1001 737 1215 783 quorum
1244 727 1463 783 uterque
1491 723 1718 783 privatus

223 791 412 835 virtute
463 805 678 852 regnum
730 795 809 835 est
859 788 1093 850 adeptus.
1162 787 1302 835 Prior
1350 787 1531 835 horum
1582 789 1719 851 apud

225 855 547 919 Massagetas
568 859 620 901 in
639 855 831 918 proelio
855 856 1057 911 cecidit,
1079 855 1263 902 Darius
1289 863 1557 903 senectute
1581 856 1718 903 diem

169 931 194 971 3
220 925 346 970 obiit
410 940 719 986 supremum.
787 923 909 970 Tres
973 930 1093 970 sunt
1155 930 1425 986 praeterea
1489 924 1717 970 eiusdem

224 993 424 1053 generis
449 1007 458 1036 :
526 990 722 1037 Xerxes
772 997 826 1037 et
873 990 972 1037 duo
1021 991 1384 1046 Artaxerxae,1
1434 990 1720 1037 Macrochir

222 1060 522 1120 cognomine
536 1057 555 1086 2
583 1065 637 1104 et
657 1057 920 1103 Mnemon.
989 1057 1148 1103 Xerxi
1165 1060 1388 1103 maxime
1408 1064 1487 1104 est
1503 1057 1717 1114 illustre,

219 1125 356 1187 quod
384 1127 616 1171 maximis
646 1131 763 1187 post
792 1123 1054 1170 hominum
1082 1127 1380 1171 memoriam
1411 1125 1717 1172 exercitibus

168 1197 194 1236 4
219 1198 357 1238 terra
387 1194 616 1254 marique
649 1191 841 1238 bellum
873 1191 1047 1238 intulit
1080 1191 1342 1238 Graeciae.
1411 1192 1484 1239 At
1519 1192 1718 1239 Macro-

223 1258 328 1305 chir
353 1262 680 1320 praecipuam
706 1257 865 1305 habet
891 1258 1096 1305 laudem
1124 1258 1461 1321 amplissimae
1488 1258 1719 1321 pulcher-

221 1329 481 1388 rimaeque
518 1329 734 1387 corporis
771 1324 981 1382 formae,
1018 1342 1171 1387 quam
1206 1325 1486 1373 incredibili
1520 1329 1720 1373 ornavit

223 1396 412 1439 virtute
449 1392 596 1447 belli3
651 1409 872 1455 namque
909 1392 993 1439 illo
1030 1392 1207 1439 Perses
1244 1409 1394 1439 nemo
1429 1409 1585 1440 manu
1620 1391 1719 1440 fuit

223 1458 414 1507 fortior.
485 1460 733 1506 Mnemon
757 1467 931 1506 autem
953 1462 1178 1506 iustitiae
1201 1458 1339 1506 fama
1358 1458 1557 1515 floruit3
1596 1477 1716 1506 nam

223 1543 338 1573 cum
372 1529 546 1572 matris
583 1543 703 1573 suae
739 1526 928 1573 scelere
965 1530 1215 1574 amisisset
1249 1543 1478 1582 uxorem,
1511 1534 1717 1574 tantum

170 1602 195 1640 5
221 1593 431 1641 indulsit
462 1593 638 1649 dolori,
657 1601 716 1640 ut
747 1610 864 1640 eum
893 1597 1058 1656 pietas
1088 1597 1331 1641 vinceret.
1400 1594 1480 1640 Ex
1509 1593 1586 1640 his
1616 1594 1719 1641 duo

223 1661 404 1707 eodem
431 1663 634 1707 nomine
662 1661 837 1707 morbo
865 1668 1079 1707 naturae
1108 1661 1339 1708 debitum
1366 1661 1717 1717 reddiderunt,

222 1731 404 1775 tertius
432 1729 495 1774 ab
522 1729 785 1774 Artabano
810 1727 1071 1790 praefecto
1096 1727 1229 1775 ferro
1254 1731 1594 1790 interemptus
1619 1736 1714 1776 est.

284 1793 331 1843 2.
369 1795 448 1840 Ex
472 1795 816 1841 Macedonum
839 1802 1013 1841 autem
1034 1802 1190 1858 gente
1214 1795 1314 1842 duo
1335 1795 1498 1841 multo
1518 1803 1716 1842 ceteros

223 1869 607 1908 antecesserunt
656 1878 824 1908 rerum
874 1869 1134 1925 gestarum
1184 1862 1369 1925 gloria:
1439 1861 1716 1925 Philippus,

221 1930 481 1992 Amyntae
504 1929 649 1984 filius,
673 1936 726 1976 et
747 1929 1040 1976 Alexander
1063 1929 1300 1992 Magnus.
1370 1929 1566 1976 Horum
1588 1929 1719 1977 alter

279 2036 294 2060 ¹
324 2037 607 2083 Artaxerxae,
652 2037 697 2075 H
700 2037 910 2088 eusinqer3
955 2037 1211 2083 Artaxerxe,
1257 2036 1376 2084 PA;
1436 2037 1714 2084 Artaxerxes,

215 2090 589 2205 ‘Bffchlgnominffi
616 2144 753 2195 Nipp.
768 2159 778 2191 ;
807 2157 994 2196 quoque,
1021 2144 1060 2183 A
1077 2144 1182 2184 ΒΜ
1193 2145 1233 2184 Ρ
1253 2144 1309 2191 V;
1338 2157 1436 2196 que,
1462 2144 1523 2191 R;
1551 2143 1716 2185 omitted

206 2210 252 2236 m
275 2211 318 2237 u.

284 2306 300 2330 1
330 2305 383 2344 In
405 2305 480 2344 the
503 2304 617 2344 book
639 2305 822 2344 entitled
843 2305 906 2344 De
927 2304 1107 2355 Reqibus
1127 2306 1374 2345 Exterarum
1397 2304 1590 2344 Gentium
1600 2319 1617 2352 ,·
1646 2317 1717 2344 see

226 2359 409 2404 Introd.‚
439 2372 481 2410 p.
512 2362 603 2400 359.
665 2359 717 2397 In
745 2359 811 2397 his
840 2359 998 2398 second
1025 2359 1189 2398 edition
1218 2361 1304 2407 (see
1332 2358 1515 2404 Introd.‚
1543 2371 1584 2410 p.
1613 2360 1716 2408 361)

225 2413 371 2464 Nepos
400 2413 499 2451 here
528 2412 671 2451 added
700 2425 756 2451 an
784 2417 970 2452 account
998 2413 1042 2452 of
1069 2425 1187 2452 some
1215 2412 1338 2464 kings
1365 2412 1462 2451 who
1489 2424 1598 2451 were
1625 2411 1714 2451 also

227 2471 348 2518 great
368 2466 572 2517 generals.
1042 2508 1043 2511 Ἴ

283 2520 298 2544 ²
329 2520 443 2558 That
461 2521 512 2566 is,
531 2520 654 2571 kings
674 2518 770 2558 who
789 2532 898 2559 were
917 2519 1006 2558 also
1024 2519 1230 2571 generals.

219 2603 310 2654 614
