1802 2942
599 170 994 219 CORNELIUS
1039 169 1261 218 NEPOS

135 309 158 348 7
183 299 346 346 multa
383 299 642 361 pollicens,
681 301 721 345 si
759 314 815 344 se
853 304 1216 344 conservasset.
1285 297 1358 343 At
1394 297 1479 343 ille
1517 297 1683 344 claris-

186 370 297 413 simi
322 369 412 412 viri
436 373 614 428 captus
638 365 995 420 misericordia,
1020 365 1156 410 diem
1179 371 1486 426 noctemque
1508 363 1683 427 procul

188 435 252 480 ab
295 432 459 479 insula
500 436 553 478 in
595 432 700 478 salo
743 448 926 478 navem
969 434 1138 477 tenuit
1180 434 1234 477 in
1278 434 1469 477 ancoris
1512 446 1683 493 neque

188 516 498 563 quemquam
530 515 594 545 ex
627 515 688 545 ea
719 502 858 545 exire
889 515 1064 560 passus
1098 504 1192 544 est.
1262 497 1390 544 Inde
1421 496 1682 560 Ephesum

189 570 421 630 pervenit
450 567 623 628 ibique
652 565 1028 612 Thfflnistoclen
1061 567 1285 627 exponit.
1355 564 1449 611 Cui
1478 564 1562 611 ille
1592 581 1684 627 pro

187 637 381 680 meritis
408 641 588 695 postea
613 636 832 696 gratiam
856 631 1074 679 rettulit.

252 700 300 751 9.
337 700 449 747 Scio
511 700 779 762 plerosque
841 702 916 745 ita
978 701 1249 761 scripsisse,
1311 697 1685 744 Themistoclen

189 768 361 813 Xerxe
389 774 639 829 regnante
668 770 720 812 in
749 767 923 812 Asiam
952 769 1206 812 transisse.
1276 763 1378 811 Sed
1406 781 1501 827 ego
1529 767 1686 827 potis-

190 838 372 880 simum
409 834 693 896 Thucydidi
730 833 898 888 credo,
938 832 1075 895 quod
1112 838 1286 878 aetate
1324 835 1581 893 proximus
1620 831 1686 878 de

189 905 247 947 iis
291 905 376 963 qui
418 901 616 947 illorum
649 907 939 962 temporum
971 899 1233 945 historiam
1264 899 1597 960 reliquerunt,
1632 905 1687 944 et

191 969 419 1015 eiusdem
449 970 665 1014 civitatis
696 966 809 1014 fuit.
880 966 928 1013 Is
960 973 1135 1012 autem
1165 969 1237 1012 ait
1267 966 1333 1012 ad
1361 967 1685 1012 Artaxerxen

195 1052 312 1081 eum
360 1038 556 1081 venisse
606 1042 762 1096 atque
810 1033 885 1080 his
935 1034 1098 1080 verbis
1149 1033 1419 1095 epistulam
1464 1035 1687 1079 misisse:

139 1109 164 1146 2
190 1102 216 1118 “
242 1102 606 1148 Themistocles
631 1104 747 1147 veni
771 1101 836 1148 ad
860 1108 932 1156 te,
953 1103 1039 1163 qui
1063 1100 1281 1162 plurima
1303 1100 1438 1146 mala
1462 1102 1687 1146 omnium

193 1169 459 1215 Graiorum
501 1173 553 1215 in
596 1169 802 1215 domum
845 1175 989 1214 tuam
1030 1167 1195 1222 intuli,
1239 1184 1393 1229 quam
1435 1167 1522 1213 diu
1563 1165 1686 1212 mihi

191 1253 398 1282 necesse
424 1235 522 1282 fuit
548 1236 815 1282 adversum
834 1242 1036 1297 patrem
1060 1242 1208 1280 tuum
1232 1234 1422 1280 bellare
1446 1237 1688 1296 patriam-

140 1312 165 1351 3
192 1320 290 1365 que
318 1320 487 1349 meam
515 1302 808 1349 defendere.
880 1302 1023 1348 Idem
1051 1301 1213 1347 multo
1240 1301 1385 1363 plura
1410 1301 1545 1347 bona
1571 1299 1687 1356 feci,

191 1378 463 1432 postquam
489 1373 540 1415 in
566 1377 680 1416 tuto
706 1373 815 1431 ipse
842 1376 896 1415 et
919 1368 1004 1414 ille
1029 1371 1081 1414 in
1106 1368 1328 1430 periculo
1356 1384 1465 1414 esse
1491 1370 1688 1430 coepit3

193 1454 311 1483 nam
361 1454 477 1483 011111
526 1440 577 1482 111
628 1438 803 1483 Asiam
852 1439 1040 1482 reverti
1090 1435 1261 1490 vellet,
1311 1435 1501 1497 proelio
1552 1435 1689 1498 apud

193 1503 446 1550 Salamina
485 1503 638 1560 facto,
677 1503 860 1550 litteris
901 1519 1018 1548 eum
1057 1505 1324 1548 certiorem
1362 1500 1460 1548 feci
1497 1501 1550 1548 id
1588 1505 1690 1564 agi,

192 1579 251 1617 ut
287 1588 411 1633 pons
451 1588 604 1633 quern
640 1574 692 1616 in
729 1570 1064 1632 Hellesponto
1100 1568 1295 1616 fecerat
1331 1568 1690 1615 dissolveretur

194 1646 350 1700 atque
400 1639 463 1684 ab
512 1638 740 1684 hostibus
788 1639 1163 1691 circumiretur3
1231 1653 1330 1699 quo
1377 1639 1556 1682 nuntio
1603 1636 1689 1682 ille

141 1713 167 1749 4
190 1705 412 1768 periculo
449 1713 527 1752 est
559 1705 819 1750 liberatus.
889 1703 1035 1749 Nunc
1070 1710 1245 1749 autem
1279 1702 1483 1765 confugi
1518 1703 1583 1749 ad
1615 1710 1689 1758 te,

195 1776 485 1835 exagitatus
509 1789 538 1817 a
560 1779 742 1817 cuncta
765 1771 994 1825 Graecia,
1017 1777 1161 1816 tuam
1182 1777 1364 1832 petens
1387 1773 1690 1824 amicitiam3

194 1856 348 1901 quam
375 1842 415 1885 si
445 1855 529 1885 ero
559 1839 792 1901 adeptus,
820 1855 922 1884 non
949 1840 1113 1883 minus
1141 1853 1224 1883 me
1252 1838 1442 1883 bonum
1471 1839 1688 1883 amicum

193 1906 422 1961 habebis,
465 1922 619 1968 quam
659 1904 845 1951 fortem
885 1907 1143 1950 inimicum
1183 1904 1266 1950 ille
1310 1911 1550 1966 expertus
1593 1911 1688 1951 est.

194 1973 266 2019 Te
287 1974 306 2002 1
339 1980 513 2019 autem
546 1989 685 2035 rogo,
719 1979 777 2018 ut
809 1972 873 2018 de
910 1975 967 2017 iis
1003 1972 1172 2026 rebuS,
1206 1987 1329 2033 quas
1366 1978 1538 2017 tecum
1573 1987 1691 2017 con-

194 2040 331 2102 loqui
355 2040 483 2095 volo,
509 2056 732 2085 annuum
756 2038 878 2084 mihi
902 2045 1105 2101 tempus
1131 2038 1219 2085 des
1245 2054 1408 2101 eoque
1432 2044 1691 2085 transacto
1750 2076 1754 2079 ,

195 2108 260 2154 ad
287 2114 340 2154 te
370 2111 540 2153 venire
568 2104 828 2169 patiaris.’'

370 2236 385 2260 1
414 2240 474 2282 te,
498 2233 644 2281 Fleck;
682 2234 728 2273 id
748 2235 801 2281 B,
824 2233 940 2274 Leid.
962 2232 1041 2280 II;
1079 2245 1146 2280 ea,
1168 2233 1232 2273 the
1253 2232 1363 2273 other
1384 2231 1519 2272 MSS.

253 2365 273 2442 ²1
299 2363 564 2457 Xdss'effxgs
586 2416 849 2463 Macrochir;
889 2429 959 2455 see
982 2416 1070 2454 xxi.
1100 2417 1135 2454 1.
1162 2415 1200 2454 3.

253 2471 269 2495 ²
298 2471 575 2522 Thucydides
615 2483 731 2521 says,
772 2471 834 2510 διὰ
866 2471 941 2518 τὴν
976 2471 1052 2518 σὴν
1085 2468 1240 2520 φιλίαν,
1272 2467 1297 2485 “
1316 2468 1500 2508 because
1528 2467 1573 2507 of
1612 2479 1689 2518 my

198 2525 440 2577 friendship
461 2525 530 2564 for
552 2523 684 2577 you.”

196 2618 287 2659 404
