1747 2912
487 137 542 183 L.
592 135 926 183 ANNAEUS
975 135 1248 183 FLORUS

93 273 118 310 4
149 265 284 328 quod
332 269 438 327 ipse
487 272 660 311 mente
714 272 1026 327 conceperat.
1103 264 1196 310 Ille
1246 280 1354 310 rem
1395 269 1632 325 expertus

149 356 372 414 augurio,
392 368 536 413 posse
561 352 835 414 respondit,
910 357 938 379 “
957 352 1115 414 Atqui
1134 351 1228 397 hoc
1245 351 1272 366 ''
1300 354 1466 413 inquit
1484 356 1515 377 “
1529 353 1631 412 agi-

149 446 321 497 taram,
350 439 450 484 an1
486 446 654 485 cotem
689 439 825 484 illam
852 455 1021 486 secare
1057 438 1299 484 novacula
1323 437 1565 499 possem⁹²
1586 434 1633 493 ;2

90 536 116 573 5
148 534 201 573 et
247 543 406 588 augur
455 531 645 587 “potes
705 526 871 588 ergo‚'’
923 529 1104 588 inquit,
1158 532 1211 571 et
1258 528 1430 571 secuit.
1507 524 1634 572 Inde

153 614 386 660 Romanis
423 630 561 659 sacer
601 620 885 675 auguratus.
959 613 1139 675 Neque
1174 628 1297 674 pace
1338 611 1635 674 Tarquinius

147 717 296 763 quam
332 700 466 746 bello
508 704 816 762 promptim-3
853 700 1118 747 duodecim
1161 715 1378 761 namque
1425 698 1634 744 Tusciae

92 795 117 833 6
147 788 355 850 populos
396 788 747 850 frequentibus
789 791 937 834 armis
981 789 1196 849 subegit.
1292 786 1416 832 Inde
1457 785 1634 844 fasces,

147 877 369 933 trabeae,
439 875 651 933 curules,
711 875 863 933 anuli,
937 874 1190 937 phalerae,
1261 873 1636 935 paludamenta,

146 970 453 1026 praetextae,
493 963 612 1009 inde
656 963 790 1025 quod
831 979 982 1009 aureo
1020 979 1183 1019 curru,
1220 968 1458 1024 quattuor
1496 963 1637 1023 equis

147 1051 504 1113 triumphatur,
562 1057 712 1113 togae
770 1054 936 1112 pictae
1007 1053 1310 1111 tunicaeque
1369 1048 1636 1110 palmatae,

149 1142 315 1184 omnia
353 1138 573 1200 denique
622 1138 802 1184 decora
844 1144 898 1185 et
944 1141 1172 1199 insignia,
1220 1137 1400 1199 quibus
1440 1139 1637 1199 imperii

152 1227 372 1288 dignitas
409 1225 639 1282 eminet,3
677 1232 876 1287 sumpta
912 1232 1041 1271 sunt.

97 1316 124 1362 6
213 1313 411 1359 Servius
460 1312 653 1359 Tullius
701 1313 941 1374 deinceps
989 1312 1330 1374 gubernacula
1380 1313 1515 1358 urbis
1561 1314 1636 1357 in-

151 1400 305 1457 vadit,
341 1416 435 1446 nec
472 1401 745 1446 obscuritas
782 1400 1003 1446 inhibuit
1038 1403 1262 1462 quamvis
1298 1406 1458 1446 matre
1497 1415 1638 1445 serva

151 1495 388 1535 creatum.
480 1488 608 1533 Nam
657 1491 891 1534 eximiam
938 1487 1162 1533 indolem
1209 1503 1332 1532 uxor
1380 1486 1636 1549 Tarquinii

148 1575 393 1638 Tanaquil
426 1575 702 1622 liberaliter
736 1575 1054 1632 educaverat,
1080 1581 1134 1621 et
1171 1574 1358 1619 clarum
1397 1574 1502 1621 fore
1534 1578 1637 1621 visa

92 1671 116 1708 2
147 1667 275 1709 circa
324 1670 474 1724 caput
521 1663 718 1708 flamma
766 1666 1076 1724 promiserat.
1152 1662 1285 1723 Ergo
1337 1665 1472 1708 inter
1517 1661 1635 1707 Tar-

151 1754 308 1813 quinii
333 1758 547 1797 mortem
574 1750 840 1796 adnitente
867 1754 1043 1811 regina
1067 1750 1370 1795 substitutus
1396 1752 1447 1794 in
1472 1749 1636 1795 locum

151 1842 282 1900 regis
331 1842 471 1900 quasi
519 1841 570 1883 in
615 1845 829 1900 tempus,
882 1854 1096 1899 regnum
1155 1837 1271 1882 dolo
1318 1844 1519 1899 partum
1568 1840 1637 1883 sic

93 1933 118 1973 3
150 1930 256 1988 egit
291 1925 553 1982 industrie,
591 1932 649 1971 ut
684 1929 790 1971 iure
826 1925 1042 1987 adeptus
1078 1924 1349 1970 videretur.
1424 1925 1505 1970 Ab
1543 1924 1638 1970 hoc

149 2012 362 2075 populus
413 2013 663 2058 Romanus
711 2013 898 2059 relatus
946 2016 999 2058 in
1047 2028 1268 2068 censum,
1311 2011 1538 2073 digestus
1584 2015 1637 2057 in

152 2100 349 2158 classes,
397 2100 611 2146 decuriis
660 2107 812 2163 atque
867 2099 1092 2162 collegiis
1143 2099 1457 2155 distributus,
1505 2115 1637 2145 sum-

149 2204 330 2251 maque
373 2191 506 2249 regis
549 2187 771 2234 sollertia
807 2191 877 2234 ita
918 2194 995 2233 est
1037 2186 1267 2233 ordinata
1304 2202 1382 2232 res
1419 2185 1637 2248 publica,

155 2282 212 2322 ut
269 2278 435 2320 omnia
493 2278 796 2336 patrimonii,
847 2272 1152 2336 dignitatis,4
1207 2277 1405 2331 aetatis,
1453 2277 1634 2321 artium

315 2381 332 2407 ²
361 2396 416 2422 an
436 2396 513 2421 om.
534 2381 625 2421 BI.
965 2381 981 2406 ²
1010 2394 1204 2433 possem:
1237 2393 1362 2432 posse
1381 2379 1471 2424 BI.

426 2437 443 2460 ³
472 2449 521 2475 ea
542 2441 635 2475 ante
656 2439 831 2488 sumpta
851 2436 945 2475 add.
972 2436 1011 2474 B
1027 2451 1036 2475 :
1067 2436 1145 2475 del.
1166 2436 1360 2475 Iahnius.

426 2490 444 2514 ⁴
473 2489 732 2542 dignitatis:
763 2489 957 2542 dignitas
976 2490 1028 2530 B.

152 2572 211 2602 20
