1802 2942
598 160 656 208 L.
705 158 1041 206 ANNAEUS
1090 158 1360 206 FLORUS

238 307 379 337 meae
401 290 460 344 '’;
496 288 631 335 haud
666 292 946 346 incomiter,
981 287 1133 350 quod,
1167 304 1282 335 cum
1316 292 1370 334 in
1401 287 1725 336 celeberrima

238 384 381 440 parte
430 377 564 422 urbis
624 376 813 422 Carinis
871 381 1016 437 pater
1062 379 1168 421 eius
1224 375 1518 433 habitasset,
1572 380 1725 439 ipsius

192 474 214 511 5
241 465 416 520 domus
444 471 495 510 et
531 470 742 526 penates
777 467 829 514 in
859 466 973 508 navi
997 462 1295 524 penderent.
1368 462 1471 509 Sed
1500 466 1727 525 inportu-

239 556 401 599 nitate
418 550 438 580 1
462 552 692 608 Antonii,
714 557 768 597 et
794 550 1210 612 Pompeianorum
1233 551 1495 608 bonorum,
1516 566 1728 613 quorum

241 646 405 686 sector
433 639 518 684 ille
550 637 732 695 fuerat,
760 637 947 700 praeda
970 637 1225 694 devorata,
1248 641 1492 699 possessio
1523 654 1728 685 manere

241 744 343 773 non
389 732 622 788 poterat3
680 725 965 771 detrectare
1024 728 1191 786 coepit
1247 724 1464 771 foederis
1510 731 1727 787 pactum.

244 816 422 877 Itaque
456 818 585 860 itum
603 812 624 841 2
657 813 723 859 ad
753 828 890 858 arma
924 827 1108 870 rursus,
1134 818 1187 858 et
1212 815 1312 857 iam
1343 811 1499 858 totis3
1533 816 1731 875 imperii

241 903 426 948 viribus
447 901 612 947 classis
637 904 690 946 in
712 903 949 946 iuvenem
968 906 1237 961 conparata
1262 905 1355 949 est.
1375 903 1514 946 cuius
1535 900 1730 948 molitio

193 997 218 1036 6
242 994 348 1052 ipsa
385 988 660 1050 magnifica.
735 986 937 1049 Quippe
978 990 1215 1033 interciso
1267 987 1585 1034 Herculanae
1622 991 1731 1036 viae

241 1078 405 1124 limite
450 1075 750 1138 refossisque
784 1075 1013 1121 litoribus
1053 1073 1298 1131 Lucrinus
1334 1074 1472 1121 lacus
1507 1081 1731 1123 mutatus

242 1170 295 1211 in
320 1171 520 1227 portum
546 1167 694 1226 eique
725 1166 1011 1224 interrupto
1039 1162 1207 1209 medio
1236 1161 1438 1209 additus
1471 1168 1550 1209 est
1573 1162 1732 1210 Aver-

241 1269 352 1310 nus,
401 1259 457 1298 ut
504 1255 556 1296 in
603 1251 688 1296 illa
734 1248 1012 1313 aquarum⁴
1057 1253 1229 1313 quiete
1288 1249 1454 1296 classis
1512 1253 1733 1297 exercita

196 1349 219 1390 7
245 1344 518 1402 imaginem
553 1338 675 1385 belli
709 1337 897 1384 navalis
932 1341 1162 1400 agitaret.
1237 1336 1400 1383 Tanta
1443 1337 1577 1384 mole
1611 1319 1733 1386 belli

243 1431 434 1490 petitus
459 1431 511 1472 in
537 1425 704 1472 Siculo
736 1425 868 1472 freto
891 1428 1085 1471 iuvenis
1111 1440 1374 1487 oppressus
1411 1431 1506 1482 est,
1539 1428 1734 1487 magni-

243 1532 341 1578 que
377 1514 562 1560 famam
599 1513 739 1559 ducis
764 1512 827 1558 ad
863 1511 1050 1558 inferos
1086 1528 1256 1558 secum
1291 1511 1507 1569 tulisset,
1531 1515 1572 1559 si
1606 1512 1734 1559 nihil

242 1608 543 1664 temptasset
563 1601 773 1647 ulterius
792 1616 803 1656 3
828 1603 923 1646 nisi
948 1599 1083 1662 quod
1102 1616 1316 1661 magnae
1334 1599 1516 1646 indolis
1533 1602 1733 1662 signum

193 1698 218 1737 8
243 1697 321 1737 est
359 1705 558 1751 sperare
597 1703 809 1750 semper.
886 1686 1100 1733 Perditis
1140 1690 1275 1733 enim
1313 1687 1462 1733 rebus
1507 1686 1733 1749 profugit

242 1778 515 1838 Asiamque
535 1775 658 1822 velis
673 1779 823 1837 petit,
843 1781 1084 1821 venturus
1103 1773 1123 1803 ⁵
1156 1775 1226 1820 ibi
1250 1777 1303 1819 in
1320 1790 1497 1821 manus
1513 1773 1733 1821 hostium

243 1872 296 1911 et
321 1871 523 1910 catenas
549 1869 619 1921 et,
645 1863 780 1925 quod
808 1865 1144 1909 miserrimum
1174 1867 1252 1908 est
1275 1860 1488 1908 fortibus
1512 1865 1645 1920 viris,
1669 1862 1733 1909 ad

191 1959 215 1998 9
241 1952 462 1999 hostium
495 1952 757 1997 arbitrium
798 1951 890 1997 sub
929 1964 1220 2012 percussore
1261 1952 1545 1996 moriturus.
1616 1949 1733 1996 Non

532 2051 548 2076 1
577 2050 901 2103 inportunitate
921 2050 1133 2089 Iahnius:
1162 2049 1341 2100 inportu
1361 2049 1412 2089 B.

531 2105 548 2130 ²
577 2107 690 2144 itum
711 2106 942 2144 Halmius:
973 2103 1096 2142 inille
1115 2103 1165 2142 B.

534 2160 550 2184 ³
580 2164 626 2198 et
645 2160 733 2198 iam
754 2159 861 2198 totis
881 2159 1111 2197 Halmius:
1141 2161 1187 2196 et
1206 2156 1364 2196 intotis
1381 2156 1433 2197 B.

533 2214 548 2238 ⁴
578 2213 655 2253 illa
674 2225 886 2264 aquarum
907 2228 915 2251 :
947 2211 1048 2250 illae
1067 2223 1251 2263 quarum
1271 2211 1323 2250 B.

530 2268 546 2292 ⁵
577 2270 819 2306 venturus:
849 2270 1007 2305 ventus
1033 2265 1078 2304 Β.

296 2399 312 2423 ²
342 2398 389 2438 It
418 2399 454 2438 is
487 2395 738 2449 impossible
771 2399 819 2437 to
849 2395 960 2447 keep
993 2407 1054 2447 up
1091 2393 1168 2433 the
1204 2393 1309 2445 play
1339 2407 1457 2445 upon
1493 2392 1572 2432 the
1609 2391 1730 2432 word

240 2456 411 2546 {zgzrgzge
447 2451 614 2502 (keels),
651 2450 796 2491 which
829 2462 918 2491 was
947 2448 1038 2488 aiso
1070 2448 1146 2488 the
1176 2461 1303 2488 name
1332 2447 1378 2487 of
1413 2460 1440 2488 a
1475 2445 1654 2486 district
1684 2445 1731 2486 of

244 2588 340 2633 314
