1747 2912
520 192 574 237 L.
626 190 960 237 ANNAEUS
1011 189 1282 236 FLORUS

102 328 125 367 3
163 323 418 382 sanguinis
444 319 671 377 dederat,
696 318 907 365 alteram
931 317 1159 380 plebeius
1185 316 1325 363 Stolo
1349 317 1443 362 sibi
1467 319 1644 363 iunxit.

161 421 273 480 Qua
289 420 309 450 1
335 421 552 484 quodam
575 427 823 482 tempore,
849 418 983 481 quod
1019 419 1244 465 lictoriae
1270 421 1439 479 virgae
1473 433 1650 464 sonum

159 525 391 584 ignotum
438 522 707 583 penatibus
759 523 858 566 suis
907 526 1195 581 expaverat,
1242 535 1271 563 a
1319 534 1484 564 sorore
1533 521 1652 564 satis

100 630 126 667 4
162 622 439 669 insolenter
463 625 631 679 inrisa,
656 625 888 667 iniuriam
913 637 1015 666 non
1040 619 1173 667 tulit.
1237 619 1416 681 Itaque
1436 625 1651 665 nanctus

162 725 477 770 tribunatum
520 723 766 768 honorum
808 729 862 768 et
910 724 1298 782 magistratuum
1346 723 1653 766 consortium

162 827 386 886 quamvis
411 826 571 869 invito
597 825 796 869 senatui
821 825 1047 868 extorsit.

107 935 131 972 5
237 926 425 972 Verum
467 929 519 970 in
558 929 676 987 ipsis
720 924 1050 971 seditionibus
1093 926 1372 985 principem
1410 921 1654 984 populum

165 1043 267 1072 non
289 1029 525 1072 inmerito
547 1028 845 1087 suspexeris.
900 1023 953 1070 Si
972 1023 1328 1086 quidemssnunc
1348 1023 1654 1080 libertatem,

165 1144 300 1174 nunc
359 1127 672 1190 pudicitiam,
720 1133 831 1172 tum
879 1125 1123 1171 natalium
1173 1124 1496 1186 dignitatem,
1543 1130 1653 1170 tum

165 1229 412 1275 honorum
469 1228 650 1275 decora
704 1235 758 1274 et
805 1230 1022 1288 insignia
1081 1226 1372 1281 vindicavit,
1420 1229 1654 1287 interque

166 1330 291 1377 haec
317 1334 484 1376 omnia
509 1329 694 1376 nullius
720 1332 877 1375 acrior
902 1334 1069 1374 custos
1093 1344 1242 1389 quam
1269 1327 1517 1373 libertatis
1543 1325 1656 1383 fuit,

105 1438 130 1477 6
165 1431 405 1493 nullaque
431 1434 484 1476 in
509 1434 729 1492 pretium
763 1433 869 1476 eius
905 1432 1073 1491 potuit
1096 1428 1364 1490 largitione
1392 1431 1656 1493 corrumpi,

166 1549 280 1578 cum
305 1539 362 1578 ut
388 1535 440 1576 in
464 1547 648 1593 magno
681 1537 734 1577 et
771 1534 824 1576 in
860 1529 967 1576 dies
1003 1533 1191 1575 maiore
1227 1529 1416 1591 populo
1451 1532 1657 1575 interim

110 1641 133 1681 7
170 1637 436 1696 perniciosi
483 1636 616 1678 cives
665 1635 962 1679 existerent.
1051 1630 1326 1693 Spurium2
1373 1630 1658 1692 largitione,

169 1735 390 1781 Cassium
416 1737 610 1796 agraria
634 1733 749 1795 lege
776 1739 1068 1795 suspectum
1093 1735 1263 1794 regiae
1299 1731 1657 1778 dominationis

167 1838 422 1897 praesenti
471 1841 634 1880 morte
680 1833 928 1880 multavit.
1003 1834 1078 1879 Ac
1128 1833 1192 1879 de
1232 1832 1413 1895 Spurio
1453 1832 1659 1895 quidem

168 1934 469 1996 supplicium
527 1939 673 1994 pater
732 1936 886 1994 ipsius
946 1935 1175 1994 sumpsit,
1234 1931 1370 1978 hunc
1431 1930 1659 1990 Quinctii

168 2035 425 2082 dictatoris
467 2037 678 2096 imperio
714 2037 767 2079 in
803 2033 972 2080 medio
1008 2032 1116 2079 foro
1151 2037 1393 2095 magister
1429 2036 1659 2096 equitum

111 2146 135 2184 8
171 2136 409 2183 Servilius
456 2135 617 2180 Ahala
659 2134 896 2181 confodit.
986 2134 1233 2179 Manlium
1272 2150 1389 2180 vero
1427 2133 1660 2196 Capitolii

167 2237 436 2294 vindicem,
452 2240 569 2298 quia
592 2235 861 2298 plerosque
887 2235 1176 2281 debitorum
1191 2235 1494 2281 liberaverat
1508 2235 1657 2282 altius

170 2345 222 2385 et
248 2337 499 2383 incivilius
526 2353 579 2382 se
606 2337 920 2393 efferentem,
941 2337 1003 2381 ab
1029 2335 1114 2381 illa
1139 2339 1246 2398 ipsa
1270 2352 1420 2398 quam
1446 2335 1657 2383 defend-

172 2446 279 2486 erat
301 2454 411 2484 arce
440 2437 640 2484 deiecit.

518 2530 521 2533 ¹
551 2543 567 2568 1
596 2557 682 2595 qua
702 2543 800 2582 add.
826 2543 1042 2582 Halmius.

553 2597 569 2621 ²
598 2596 803 2649 Spurium
824 2600 1006 2638 inseruit
1024 2597 1275 2638 Salmasius.

175 2669 234 2713 74
