<?xml version="1.0" encoding="UTF-8"?>
<!DOCTYPE html PUBLIC "-//W3C//DTD XHTML 1.0 Transitional//EN"
    "http://www.w3.org/TR/xhtml1/DTD/xhtml1-transitional.dtd">
<html xmlns="http://www.w3.org/1999/xhtml" xml:lang="en" lang="en">
 <head>
  <title>
</title>
<meta http-equiv="Content-Type" content="text/html;charset=utf-8" />
  <meta name='ocr-system' content='tesseract 3.04.00' />
  <meta name='ocr-capabilities' content='ocr_page ocr_carea ocr_par ocr_line ocrx_word'/>
</head>
<body>
  <div class='ocr_page' id='page_1' title='image "./lannaeifloriquae00floruoft_0150.png"; bbox 0 0 1747 2912; ppageno 0'>
   <div class='ocr_carea' id='block_1_1' title="bbox 535 150 1297 198">
    <p class='ocr_par' dir='ltr' id='par_1_1' title="bbox 535 150 1297 198">
     <span class='ocr_line' id='line_1_1' title="bbox 535 150 1297 198; baseline 0.004 -3"><span class='ocrx_word' id='word_1_1' title='bbox 535 150 589 196; x_wconf 93' lang='lat' dir='ltr'><strong>L.</strong></span> <span class='ocrx_word' id='word_1_2' title='bbox 643 151 976 198; x_wconf 88' lang='lat' dir='ltr'><strong>ANNAEUS</strong></span> <span class='ocrx_word' id='word_1_3' title='bbox 1027 151 1297 198; x_wconf 90' lang='lat' dir='ltr'><strong>FLORUS</strong></span> 
     </span>
    </p>
   </div>
   <div class='ocr_carea' id='block_1_2' title="bbox 172 279 1656 404">
    <p class='ocr_par' dir='ltr' id='par_1_2' title="bbox 172 279 1656 404">
     <span class='ocr_line' id='line_1_2' title="bbox 172 279 1656 343; baseline 0.003 -20"><span class='ocrx_word' id='word_1_4' title='bbox 172 294 386 341; x_wconf 90' lang='lat' dir='ltr'><strong>quoque,</strong></span> <span class='ocrx_word' id='word_1_5' title='bbox 435 285 493 324; x_wconf 91' lang='lat' dir='ltr'><strong>ut</strong></span> <span class='ocrx_word' id='word_1_6' title='bbox 540 279 857 337; x_wconf 89' lang='lat' dir='ltr'><strong>videbantur,</strong></span> <span class='ocrx_word' id='word_1_7' title='bbox 906 283 1039 324; x_wconf 87' lang='lat' dir='ltr'><strong>invia</strong></span> <span class='ocrx_word' id='word_1_8' title='bbox 1095 283 1322 337; x_wconf 85' lang='lat' dir='ltr'><strong>accessit,</strong></span> <span class='ocrx_word' id='word_1_9' title='bbox 1379 295 1656 343; x_wconf 85' lang='lat' dir='ltr'>regemque</span> 
     </span>
     <span class='ocr_line' id='line_1_3' title="bbox 173 355 1655 404; baseline 0.002 -4"><span class='ocrx_word' id='word_1_10' title='bbox 173 371 402 401; x_wconf 90' lang='lat' dir='ltr'><strong>securum</strong></span> <span class='ocrx_word' id='word_1_11' title='bbox 451 361 505 401; x_wconf 90' lang='lat' dir='ltr'><strong>et</strong></span> <span class='ocrx_word' id='word_1_12' title='bbox 542 355 669 401; x_wconf 92' lang='lat' dir='ltr'><strong>nihil</strong></span> <span class='ocrx_word' id='word_1_13' title='bbox 706 356 809 402; x_wconf 90' lang='lat' dir='ltr'><strong>tale</strong></span> <span class='ocrx_word' id='word_1_14' title='bbox 855 363 1175 403; x_wconf 77' lang='lat' dir='ltr'><strong>metuentem</strong></span> <span class='ocrx_word' id='word_1_15' title='bbox 1217 358 1381 403; x_wconf 87' lang='lat' dir='ltr'><strong>subita</strong></span> <span class='ocrx_word' id='word_1_16' title='bbox 1422 357 1543 404; x_wconf 94' lang='lat' dir='ltr'><strong>belli</strong></span> <span class='ocrx_word' id='word_1_17' title='bbox 1579 361 1655 403; x_wconf 91' lang='lat' dir='ltr'><strong>in-</strong></span> 
     </span>
    </p>
   </div>
   <div class='ocr_carea' id='block_1_3' title="bbox 114 432 1654 496">
    <p class='ocr_par' dir='ltr' id='par_1_3' title="bbox 114 432 1654 496">
     <span class='ocr_line' id='line_1_4' title="bbox 114 432 1654 496; baseline 0.003 -19"><span class='ocrx_word' id='word_1_18' title='bbox 114 439 139 478; x_wconf 85' lang='lat'>6</span> <span class='ocrx_word' id='word_1_19' title='bbox 174 436 409 494; x_wconf 88' lang='lat' dir='ltr'><strong>ruptione</strong></span> <span class='ocrx_word' id='word_1_20' title='bbox 446 432 798 494; x_wconf 76' lang='lat' dir='ltr'><strong>deprehendit.</strong></span> <span class='ocrx_word' id='word_1_21' title='bbox 873 433 1023 480; x_wconf 91' lang='lat' dir='ltr'><strong>Cuius</strong></span> <span class='ocrx_word' id='word_1_22' title='bbox 1058 440 1201 480; x_wconf 87' lang='lat' dir='ltr'><strong>tanta</strong></span> <span class='ocrx_word' id='word_1_23' title='bbox 1235 434 1507 496; x_wconf 79' lang='lat' dir='ltr'><strong>trepidatio</strong></span> <span class='ocrx_word' id='word_1_24' title='bbox 1539 434 1654 493; x_wconf 90' lang='lat' dir='ltr'><strong>fuit,</strong></span> 
     </span>
    </p>
   </div>
   <div class='ocr_carea' id='block_1_4' title="bbox 112 593 135 634">
    <p class='ocr_par' dir='ltr' id='par_1_4' title="bbox 112 593 135 634">
     <span class='ocr_line' id='line_1_5' title="bbox 112 593 135 634; baseline 0 0"><span class='ocrx_word' id='word_1_25' title='bbox 112 593 135 634; x_wconf 90' lang='lat'><strong>7</strong></span> 
     </span>
    </p>
   </div>
   <div class='ocr_carea' id='block_1_5' title="bbox 170 514 1657 881">
    <p class='ocr_par' dir='ltr' id='par_1_5' title="bbox 170 514 1657 881">
     <span class='ocr_line' id='line_1_6' title="bbox 173 514 1654 574; baseline 0.001 -18"><span class='ocrx_word' id='word_1_26' title='bbox 173 517 231 556; x_wconf 90' lang='lat' dir='ltr'><strong>ut</strong></span> <span class='ocrx_word' id='word_1_27' title='bbox 279 514 544 571; x_wconf 87' lang='lat' dir='ltr'><strong>pecuniam</strong></span> <span class='ocrx_word' id='word_1_28' title='bbox 592 527 794 557; x_wconf 89' lang='lat' dir='ltr'><strong>omnem</strong></span> <span class='ocrx_word' id='word_1_29' title='bbox 843 514 896 556; x_wconf 92' lang='lat' dir='ltr'><strong>in</strong></span> <span class='ocrx_word' id='word_1_30' title='bbox 948 527 1084 557; x_wconf 89' lang='lat' dir='ltr'><strong>mare</strong></span> <span class='ocrx_word' id='word_1_31' title='bbox 1132 514 1334 557; x_wconf 89' lang='lat' dir='ltr'><strong>iusserit</strong></span> <span class='ocrx_word' id='word_1_32' title='bbox 1381 515 1544 574; x_wconf 88' lang='lat' dir='ltr'><strong>mergi</strong></span> <span class='ocrx_word' id='word_1_33' title='bbox 1587 529 1654 559; x_wconf 91' lang='lat' dir='ltr'><strong>ne</strong></span> 
     </span>
     <span class='ocr_line' id='line_1_7' title="bbox 170 587 1657 649; baseline 0.001 -16"><span class='ocrx_word' id='word_1_34' title='bbox 170 591 375 649; x_wconf 85' lang='lat' dir='ltr'><strong>periret,</strong></span> <span class='ocrx_word' id='word_1_35' title='bbox 402 593 455 633; x_wconf 90' lang='lat' dir='ltr'><strong>et</strong></span> <span class='ocrx_word' id='word_1_36' title='bbox 479 587 687 634; x_wconf 85' lang='lat' dir='ltr'><strong>classem</strong></span> <span class='ocrx_word' id='word_1_37' title='bbox 712 592 920 634; x_wconf 87' lang='lat' dir='ltr'><strong>cremari</strong></span> <span class='ocrx_word' id='word_1_38' title='bbox 955 605 1020 635; x_wconf 91' lang='lat' dir='ltr'><strong>ne</strong></span> <span class='ocrx_word' id='word_1_39' title='bbox 1055 589 1428 635; x_wconf 81' lang='lat' dir='ltr'><strong>incenderetur.</strong></span> <span class='ocrx_word' id='word_1_40' title='bbox 1503 589 1657 636; x_wconf 85' lang='lat' dir='ltr'><strong>Paulo</strong></span> 
     </span>
     <span class='ocr_line' id='line_1_8' title="bbox 174 664 1657 728; baseline 0.001 -18"><span class='ocrx_word' id='word_1_41' title='bbox 174 664 390 723; x_wconf 90' lang='lat' dir='ltr'><strong>consule,</strong></span> <span class='ocrx_word' id='word_1_42' title='bbox 437 681 550 710; x_wconf 89' lang='lat' dir='ltr'><strong>cum</strong></span> <span class='ocrx_word' id='word_1_43' title='bbox 596 669 782 711; x_wconf 88' lang='lat' dir='ltr'><strong>maiora</strong></span> <span class='ocrx_word' id='word_1_44' title='bbox 829 672 883 712; x_wconf 91' lang='lat' dir='ltr'><strong>et</strong></span> <span class='ocrx_word' id='word_1_45' title='bbox 929 667 1176 712; x_wconf 85' lang='lat' dir='ltr'><strong>crebriora</strong></span> <span class='ocrx_word' id='word_1_46' title='bbox 1218 672 1390 712; x_wconf 90' lang='lat' dir='ltr'><strong>essent</strong></span> <span class='ocrx_word' id='word_1_47' title='bbox 1438 669 1657 728; x_wconf 88' lang='lat' dir='ltr'><strong>inposita</strong></span> 
     </span>
     <span class='ocr_line' id='line_1_9' title="bbox 173 742 1655 804; baseline 0.002 -18"><span class='ocrx_word' id='word_1_48' title='bbox 173 742 434 803; x_wconf 87' lang='lat' dir='ltr'><strong>praesidia,</strong></span> <span class='ocrx_word' id='word_1_49' title='bbox 483 758 573 803; x_wconf 90' lang='lat' dir='ltr'><strong>per</strong></span> <span class='ocrx_word' id='word_1_50' title='bbox 615 743 733 788; x_wconf 88' lang='lat' dir='ltr'><strong>alias</strong></span> <span class='ocrx_word' id='word_1_51' title='bbox 771 746 872 789; x_wconf 89' lang='lat' dir='ltr'><strong>vias</strong></span> <span class='ocrx_word' id='word_1_52' title='bbox 922 743 1221 789; x_wconf 87' lang='lat' dir='ltr'><strong>Macedonia</strong></span> <span class='ocrx_word' id='word_1_53' title='bbox 1268 743 1516 804; x_wconf 87' lang='lat' dir='ltr'><strong>deprensa</strong></span> <span class='ocrx_word' id='word_1_54' title='bbox 1557 751 1655 802; x_wconf 86' lang='lat' dir='ltr'><strong>est,</strong></span> 
     </span>
     <span class='ocr_line' id='line_1_10' title="bbox 173 819 1657 881; baseline 0.001 -16"><span class='ocrx_word' id='word_1_55' title='bbox 173 836 366 865; x_wconf 89' lang='lat' dir='ltr'><strong>summa</strong></span> <span class='ocrx_word' id='word_1_56' title='bbox 414 819 619 881; x_wconf 92' lang='lat' dir='ltr'><strong>quidem</strong></span> <span class='ocrx_word' id='word_1_57' title='bbox 665 826 773 866; x_wconf 85' lang='lat' dir='ltr'><strong>arte</strong></span> <span class='ocrx_word' id='word_1_58' title='bbox 823 827 876 866; x_wconf 90' lang='lat' dir='ltr'><strong>et</strong></span> <span class='ocrx_word' id='word_1_59' title='bbox 917 820 1164 866; x_wconf 88' lang='lat' dir='ltr'><strong>industria</strong></span> <span class='ocrx_word' id='word_1_60' title='bbox 1201 820 1359 878; x_wconf 90' lang='lat' dir='ltr'><strong>ducis,</strong></span> <span class='ocrx_word' id='word_1_61' title='bbox 1400 837 1514 867; x_wconf 92' lang='lat' dir='ltr'><strong>cum</strong></span> <span class='ocrx_word' id='word_1_62' title='bbox 1560 821 1657 867; x_wconf 88' lang='lat' dir='ltr'><strong>alia</strong></span> 
     </span>
    </p>
   </div>
   <div class='ocr_carea' id='block_1_6' title="bbox 116 896 1657 960">
    <p class='ocr_par' dir='ltr' id='par_1_6' title="bbox 116 896 1657 960">
     <span class='ocr_line' id='line_1_11' title="bbox 116 896 1657 960; baseline 0.001 -17"><span class='ocrx_word' id='word_1_63' title='bbox 116 905 140 943; x_wconf 88' lang='grc'>8</span> <span class='ocrx_word' id='word_1_64' title='bbox 173 900 392 942; x_wconf 88' lang='lat' dir='ltr'><strong>minatus</strong></span> <span class='ocrx_word' id='word_1_65' title='bbox 427 896 522 942; x_wconf 90' lang='lat' dir='ltr'><strong>alia</strong></span> <span class='ocrx_word' id='word_1_66' title='bbox 559 901 844 959; x_wconf 88' lang='lat' dir='ltr'><strong>inrupisset.</strong></span> <span class='ocrx_word' id='word_1_67' title='bbox 918 898 1067 943; x_wconf 91' lang='lat' dir='ltr'><strong>Cuius</strong></span> <span class='ocrx_word' id='word_1_68' title='bbox 1103 898 1351 944; x_wconf 88' lang='lat' dir='ltr'><strong>adventus</strong></span> <span class='ocrx_word' id='word_1_69' title='bbox 1387 901 1494 960; x_wconf 90' lang='lat' dir='ltr'><strong>ipse</strong></span> <span class='ocrx_word' id='word_1_70' title='bbox 1528 898 1657 945; x_wconf 90' lang='lat' dir='ltr'><strong>adeo</strong></span> 
     </span>
    </p>
   </div>
   <div class='ocr_carea' id='block_1_7' title="bbox 110 1058 135 1097">
    <p class='ocr_par' dir='ltr' id='par_1_7' title="bbox 110 1058 135 1097">
     <span class='ocr_line' id='line_1_12' title="bbox 110 1058 135 1097; baseline 0 0"><span class='ocrx_word' id='word_1_71' title='bbox 110 1058 135 1097; x_wconf 85' lang='lat'>9</span> 
     </span>
    </p>
   </div>
   <div class='ocr_carea' id='block_1_8' title="bbox 86 1367 135 1407">
    <p class='ocr_par' dir='ltr' id='par_1_8' title="bbox 86 1367 135 1407">
     <span class='ocr_line' id='line_1_13' title="bbox 86 1367 135 1407; baseline 0 0"><span class='ocrx_word' id='word_1_72' title='bbox 86 1367 135 1407; x_wconf 89' lang='grc'><strong>10</strong></span> 
     </span>
    </p>
   </div>
   <div class='ocr_carea' id='block_1_9' title="bbox 87 1677 134 1717">
    <p class='ocr_par' dir='ltr' id='par_1_9' title="bbox 87 1677 134 1717">
     <span class='ocr_line' id='line_1_14' title="bbox 87 1677 134 1717; baseline -0.021 0"><span class='ocrx_word' id='word_1_73' title='bbox 87 1677 134 1717; x_wconf 95' lang='grc'><strong>11</strong></span> 
     </span>
    </p>
   </div>
   <div class='ocr_carea' id='block_1_10' title="bbox 87 1908 135 1948">
    <p class='ocr_par' dir='ltr' id='par_1_10' title="bbox 87 1908 135 1948">
     <span class='ocr_line' id='line_1_15' title="bbox 87 1908 135 1948; baseline -0.021 0"><span class='ocrx_word' id='word_1_74' title='bbox 87 1908 135 1948; x_wconf 86' lang='grc'><strong>12</strong></span> 
     </span>
    </p>
   </div>
   <div class='ocr_carea' id='block_1_11' title="bbox 88 2140 138 2180">
    <p class='ocr_par' dir='ltr' id='par_1_11' title="bbox 88 2140 138 2180">
     <span class='ocr_line' id='line_1_16' title="bbox 88 2140 138 2180; baseline 0.02 -1"><span class='ocrx_word' id='word_1_75' title='bbox 88 2140 138 2180; x_wconf 87' lang='grc'><strong>13</strong></span> 
     </span>
    </p>
   </div>
   <div class='ocr_carea' id='block_1_12' title="bbox 171 973 1660 2199">
    <p class='ocr_par' dir='ltr' id='par_1_12' title="bbox 171 973 1660 2199">
     <span class='ocr_line' id='line_1_17' title="bbox 171 973 1656 1036; baseline 0.001 -15"><span class='ocrx_word' id='word_1_76' title='bbox 171 974 410 1021; x_wconf 89' lang='lat' dir='ltr'><strong>terribilis</strong></span> <span class='ocrx_word' id='word_1_77' title='bbox 447 978 556 1036; x_wconf 90' lang='lat' dir='ltr'><strong>regi</strong></span> <span class='ocrx_word' id='word_1_78' title='bbox 595 974 707 1032; x_wconf 88' lang='lat' dir='ltr'><strong>fuit,</strong></span> <span class='ocrx_word' id='word_1_79' title='bbox 756 981 813 1021; x_wconf 93' lang='lat' dir='ltr'><strong>ut</strong></span> <span class='ocrx_word' id='word_1_80' title='bbox 859 978 1104 1021; x_wconf 87' lang='lat' dir='ltr'><strong>interesse</strong></span> <span class='ocrx_word' id='word_1_81' title='bbox 1153 992 1255 1020; x_wconf 90' lang='lat' dir='ltr'><strong>non</strong></span> <span class='ocrx_word' id='word_1_82' title='bbox 1296 973 1524 1033; x_wconf 85' lang='lat' dir='ltr'><strong>auderet,</strong></span> <span class='ocrx_word' id='word_1_83' title='bbox 1566 976 1656 1023; x_wconf 90' lang='lat' dir='ltr'><strong>sed</strong></span> 
     </span>
     <span class='ocr_line' id='line_1_18' title="bbox 171 1051 1658 1116; baseline 0.002 -19"><span class='ocrx_word' id='word_1_84' title='bbox 171 1051 395 1113; x_wconf 86' lang='lat' dir='ltr'><strong>gerenda</strong></span> <span class='ocrx_word' id='word_1_85' title='bbox 442 1051 651 1098; x_wconf 87' lang='lat' dir='ltr'><strong>ducibus</strong></span> <span class='ocrx_word' id='word_1_86' title='bbox 699 1052 832 1099; x_wconf 90' lang='lat' dir='ltr'><strong>bella</strong></span> <span class='ocrx_word' id='word_1_87' title='bbox 873 1053 1200 1099; x_wconf 88' lang='lat' dir='ltr'><strong>mandaverit.</strong></span> <span class='ocrx_word' id='word_1_88' title='bbox 1287 1053 1487 1099; x_wconf 89' lang='lat' dir='ltr'><strong>Absens</strong></span> <span class='ocrx_word' id='word_1_89' title='bbox 1536 1069 1658 1116; x_wconf 90' lang='lat' dir='ltr'><strong>ergo</strong></span> 
     </span>
     <span class='ocr_line' id='line_1_19' title="bbox 172 1128 1658 1192; baseline 0.002 -18"><span class='ocrx_word' id='word_1_90' title='bbox 172 1132 333 1175; x_wconf 88' lang='lat' dir='ltr'><strong>victus</strong></span> <span class='ocrx_word' id='word_1_91' title='bbox 357 1128 490 1190; x_wconf 90' lang='lat' dir='ltr'><strong>fugit</strong></span> <span class='ocrx_word' id='word_1_92' title='bbox 515 1133 567 1174; x_wconf 90' lang='lat' dir='ltr'><strong>in</strong></span> <span class='ocrx_word' id='word_1_93' title='bbox 591 1133 746 1175; x_wconf 89' lang='lat' dir='ltr'><strong>maria</strong></span> <span class='ocrx_word' id='word_1_94' title='bbox 769 1129 1083 1192; x_wconf 86' lang='lat' dir='ltr'><strong>insulamque</strong></span> <span class='ocrx_word' id='word_1_95' title='bbox 1101 1129 1478 1188; x_wconf 87' lang='lat' dir='ltr'><strong>Samothracen,</strong></span> <span class='ocrx_word' id='word_1_96' title='bbox 1496 1129 1658 1177; x_wconf 86' lang='lat' dir='ltr'><strong>fretus</strong></span> 
     </span>
     <span class='ocr_line' id='line_1_20' title="bbox 173 1206 1659 1270; baseline 0.001 -18"><span class='ocrx_word' id='word_1_97' title='bbox 173 1206 360 1252; x_wconf 89' lang='lat' dir='ltr'><strong>celebri</strong></span> <span class='ocrx_word' id='word_1_98' title='bbox 425 1207 687 1268; x_wconf 81' lang='lat' dir='ltr'><strong>religione,</strong></span> <span class='ocrx_word' id='word_1_99' title='bbox 736 1210 875 1270; x_wconf 88' lang='lat' dir='ltr'><strong>quasi</strong></span> <span class='ocrx_word' id='word_1_100' title='bbox 934 1208 1126 1269; x_wconf 89' lang='lat' dir='ltr'><strong>templa</strong></span> <span class='ocrx_word' id='word_1_101' title='bbox 1179 1214 1233 1253; x_wconf 92' lang='lat' dir='ltr'><strong>et</strong></span> <span class='ocrx_word' id='word_1_102' title='bbox 1287 1223 1402 1254; x_wconf 91' lang='lat' dir='ltr'><strong>arae</strong></span> <span class='ocrx_word' id='word_1_103' title='bbox 1451 1215 1659 1269; x_wconf 88' lang='lat' dir='ltr'><strong>possent</strong></span> 
     </span>
     <span class='ocr_line' id='line_1_21' title="bbox 172 1283 1653 1346; baseline 0.001 -17"><span class='ocrx_word' id='word_1_104' title='bbox 172 1283 466 1340; x_wconf 90' lang='lat' dir='ltr'><strong>defendere,</strong></span> <span class='ocrx_word' id='word_1_105' title='bbox 486 1300 637 1346; x_wconf 89' lang='lat' dir='ltr'><strong>quem</strong></span> <span class='ocrx_word' id='word_1_106' title='bbox 656 1301 750 1330; x_wconf 89' lang='lat' dir='ltr'><strong>nec</strong></span> <span class='ocrx_word' id='word_1_107' title='bbox 767 1291 965 1330; x_wconf 88' lang='lat' dir='ltr'><strong>montes</strong></span> <span class='ocrx_word' id='word_1_108' title='bbox 982 1289 1057 1331; x_wconf 92' lang='lat' dir='ltr'><strong>sui</strong></span> <span class='ocrx_word' id='word_1_109' title='bbox 1076 1301 1171 1331; x_wconf 92' lang='lat' dir='ltr'><strong>nec</strong></span> <span class='ocrx_word' id='word_1_110' title='bbox 1196 1302 1332 1330; x_wconf 89' lang='lat' dir='ltr'><strong>arma</strong></span> <span class='ocrx_word' id='word_1_111' title='bbox 1357 1289 1653 1346; x_wconf 88' lang='lat' dir='ltr'><strong>potuissent.</strong></span> 
     </span>
     <span class='ocr_line' id='line_1_22' title="bbox 176 1361 1657 1423; baseline 0.002 -17"><span class='ocrx_word' id='word_1_112' title='bbox 176 1361 339 1407; x_wconf 91' lang='lat' dir='ltr'><strong>Nemo</strong></span> <span class='ocrx_word' id='word_1_113' title='bbox 370 1377 547 1423; x_wconf 89' lang='lat' dir='ltr'><strong>regum</strong></span> <span class='ocrx_word' id='word_1_114' title='bbox 576 1361 765 1408; x_wconf 92' lang='lat' dir='ltr'><strong>diutius</strong></span> <span class='ocrx_word' id='word_1_115' title='bbox 797 1365 1005 1408; x_wconf 83' lang='lat' dir='ltr'><strong>amissae</strong></span> <span class='ocrx_word' id='word_1_116' title='bbox 1037 1361 1269 1408; x_wconf 88' lang='lat' dir='ltr'><strong>fortunae</strong></span> <span class='ocrx_word' id='word_1_117' title='bbox 1300 1365 1657 1409; x_wconf 90' lang='lat' dir='ltr'><strong>conscientiam</strong></span> 
     </span>
     <span class='ocr_line' id='line_1_23' title="bbox 172 1439 1656 1501; baseline 0.001 -17"><span class='ocrx_word' id='word_1_118' title='bbox 172 1442 395 1485; x_wconf 87' lang='lat' dir='ltr'><strong>retinuit.</strong></span> <span class='ocrx_word' id='word_1_119' title='bbox 471 1439 695 1501; x_wconf 88' lang='lat' dir='ltr'><strong>Supplex</strong></span> <span class='ocrx_word' id='word_1_120' title='bbox 743 1456 857 1485; x_wconf 90' lang='lat' dir='ltr'><strong>cum</strong></span> <span class='ocrx_word' id='word_1_121' title='bbox 904 1440 1146 1486; x_wconf 90' lang='lat' dir='ltr'><strong>scriberet</strong></span> <span class='ocrx_word' id='word_1_122' title='bbox 1191 1440 1256 1485; x_wconf 89' lang='lat' dir='ltr'><strong>ad</strong></span> <span class='ocrx_word' id='word_1_123' title='bbox 1302 1443 1656 1501; x_wconf 87' lang='lat' dir='ltr'><strong>imperatorem</strong></span> 
     </span>
     <span class='ocr_line' id='line_1_24' title="bbox 172 1516 1657 1579; baseline 0.002 -18"><span class='ocrx_word' id='word_1_124' title='bbox 172 1517 235 1561; x_wconf 87' lang='lat' dir='ltr'><strong>ab</strong></span> <span class='ocrx_word' id='word_1_125' title='bbox 277 1516 362 1561; x_wconf 88' lang='lat' dir='ltr'><strong>illo</strong></span> <span class='ocrx_word' id='word_1_126' title='bbox 400 1533 498 1578; x_wconf 93' lang='lat' dir='ltr'><strong>quo</strong></span> <span class='ocrx_word' id='word_1_127' title='bbox 532 1516 831 1579; x_wconf 84' lang='lat' dir='ltr'><strong>confugerat</strong></span> <span class='ocrx_word' id='word_1_128' title='bbox 866 1517 1059 1579; x_wconf 91' lang='lat' dir='ltr'><strong>templo</strong></span> <span class='ocrx_word' id='word_1_129' title='bbox 1095 1533 1382 1579; x_wconf 90' lang='lat' dir='ltr'><strong>nomenque</strong></span> <span class='ocrx_word' id='word_1_130' title='bbox 1416 1517 1657 1579; x_wconf 92' lang='lat' dir='ltr'><strong>epistolae</strong></span> 
     </span>
     <span class='ocr_line' id='line_1_25' title="bbox 172 1594 1658 1656; baseline 0.003 -18"><span class='ocrx_word' id='word_1_131' title='bbox 172 1600 373 1640; x_wconf 90' lang='lat' dir='ltr'><strong>notaret</strong></span> <span class='ocrx_word' id='word_1_132' title='bbox 408 1610 569 1651; x_wconf 87' lang='lat' dir='ltr'><strong>suum,</strong></span> <span class='ocrx_word' id='word_1_133' title='bbox 594 1610 767 1656; x_wconf 88' lang='lat' dir='ltr'><strong>regem</strong></span> <span class='ocrx_word' id='word_1_134' title='bbox 801 1594 1010 1642; x_wconf 91' lang='lat' dir='ltr'><strong>addidit.</strong></span> <span class='ocrx_word' id='word_1_135' title='bbox 1085 1594 1185 1641; x_wconf 90' lang='lat' dir='ltr'><strong>Sed</strong></span> <span class='ocrx_word' id='word_1_136' title='bbox 1220 1611 1316 1641; x_wconf 90' lang='lat' dir='ltr'><strong>nec</strong></span> <span class='ocrx_word' id='word_1_137' title='bbox 1348 1598 1658 1642; x_wconf 86' lang='lat' dir='ltr'><strong>reverentior</strong></span> 
     </span>
     <span class='ocr_line' id='line_1_26' title="bbox 175 1671 1656 1733; baseline 0.001 -17"><span class='ocrx_word' id='word_1_138' title='bbox 175 1677 352 1733; x_wconf 90' lang='lat' dir='ltr'><strong>captae</strong></span> <span class='ocrx_word' id='word_1_139' title='bbox 399 1675 676 1718; x_wconf 87' lang='lat' dir='ltr'><strong>maiestatis</strong></span> <span class='ocrx_word' id='word_1_140' title='bbox 712 1672 838 1718; x_wconf 91' lang='lat' dir='ltr'><strong>alius</strong></span> <span class='ocrx_word' id='word_1_141' title='bbox 888 1671 1041 1717; x_wconf 89' lang='lat' dir='ltr'><strong>Paulo</strong></span> <span class='ocrx_word' id='word_1_142' title='bbox 1085 1671 1195 1718; x_wconf 91' lang='lat' dir='ltr'><strong>fuit.</strong></span> <span class='ocrx_word' id='word_1_143' title='bbox 1288 1672 1413 1718; x_wconf 91' lang='lat' dir='ltr'><strong>Cum</strong></span> <span class='ocrx_word' id='word_1_144' title='bbox 1448 1676 1502 1718; x_wconf 91' lang='lat' dir='ltr'><strong>in</strong></span> <span class='ocrx_word' id='word_1_145' title='bbox 1540 1689 1656 1719; x_wconf 88' lang='lat' dir='ltr'><strong>con-</strong></span> 
     </span>
     <span class='ocr_line' id='line_1_27' title="bbox 173 1749 1659 1812; baseline 0.002 -18"><span class='ocrx_word' id='word_1_146' title='bbox 173 1755 403 1810; x_wconf 90' lang='lat' dir='ltr'><strong>spectum</strong></span> <span class='ocrx_word' id='word_1_147' title='bbox 456 1753 677 1795; x_wconf 89' lang='lat' dir='ltr'><strong>venisset</strong></span> <span class='ocrx_word' id='word_1_148' title='bbox 732 1749 905 1807; x_wconf 91' lang='lat' dir='ltr'><strong>hostis,</strong></span> <span class='ocrx_word' id='word_1_149' title='bbox 961 1752 1014 1794; x_wconf 92' lang='lat' dir='ltr'><strong>in</strong></span> <span class='ocrx_word' id='word_1_150' title='bbox 1065 1749 1305 1795; x_wconf 89' lang='lat' dir='ltr'><strong>tribunali</strong></span> <span class='ocrx_word' id='word_1_151' title='bbox 1360 1753 1553 1812; x_wconf 89' lang='lat' dir='ltr'><strong>recepit</strong></span> <span class='ocrx_word' id='word_1_152' title='bbox 1605 1757 1659 1797; x_wconf 92' lang='lat' dir='ltr'><strong>et</strong></span> 
     </span>
     <span class='ocr_line' id='line_1_28' title="bbox 173 1826 1659 1889; baseline 0.002 -18"><span class='ocrx_word' id='word_1_153' title='bbox 173 1829 410 1872; x_wconf 88' lang='lat' dir='ltr'><strong>conviviis</strong></span> <span class='ocrx_word' id='word_1_154' title='bbox 473 1826 706 1873; x_wconf 88' lang='lat' dir='ltr'><strong>adhibuit</strong></span> <span class='ocrx_word' id='word_1_155' title='bbox 764 1827 1048 1889; x_wconf 88' lang='lat' dir='ltr'><strong>liberosque</strong></span> <span class='ocrx_word' id='word_1_156' title='bbox 1114 1826 1376 1872; x_wconf 87' lang='lat' dir='ltr'><strong>admonuit</strong></span> <span class='ocrx_word' id='word_1_157' title='bbox 1434 1843 1547 1873; x_wconf 89' lang='lat' dir='ltr'><strong>suos</strong></span> <span class='ocrx_word' id='word_1_158' title='bbox 1601 1834 1659 1874; x_wconf 91' lang='lat' dir='ltr'><strong>ut</strong></span> 
     </span>
     <span class='ocr_line' id='line_1_29' title="bbox 174 1902 1660 1962; baseline 0.002 -14"><span class='ocrx_word' id='word_1_159' title='bbox 174 1902 445 1961; x_wconf 82' lang='lat' dir='ltr'><strong>fortunam,</strong></span> <span class='ocrx_word' id='word_1_160' title='bbox 479 1907 559 1949; x_wconf 92' lang='lat' dir='ltr'><strong>cui</strong></span> <span class='ocrx_word' id='word_1_161' title='bbox 597 1910 797 1950; x_wconf 85' lang='lat' dir='ltr'><strong>tantum</strong></span> <span class='ocrx_word' id='word_1_162' title='bbox 841 1904 1036 1962; x_wconf 90' lang='lat' dir='ltr'><strong>liceret,</strong></span> <span class='ocrx_word' id='word_1_163' title='bbox 1076 1911 1442 1951; x_wconf 90' lang='lat' dir='ltr'><strong>revererentur.</strong></span> <span class='ocrx_word' id='word_1_164' title='bbox 1518 1904 1660 1951; x_wconf 91' lang='lat' dir='ltr'><strong>Inter</strong></span> 
     </span>
     <span class='ocr_line' id='line_1_30' title="bbox 174 1980 1658 2044; baseline 0.003 -19"><span class='ocrx_word' id='word_1_165' title='bbox 174 1980 535 2042; x_wconf 86' lang='lat' dir='ltr'><strong>pulcherrimos</strong></span> <span class='ocrx_word' id='word_1_166' title='bbox 586 1981 722 2027; x_wconf 91' lang='lat' dir='ltr'><strong>hunc</strong></span> <span class='ocrx_word' id='word_1_167' title='bbox 772 1998 971 2044; x_wconf 89' lang='lat' dir='ltr'><strong>quoque</strong></span> <span class='ocrx_word' id='word_1_168' title='bbox 1022 1981 1234 2043; x_wconf 91' lang='lat' dir='ltr'><strong>populus</strong></span> <span class='ocrx_word' id='word_1_169' title='bbox 1295 1982 1544 2027; x_wconf 89' lang='lat' dir='ltr'><strong>Romanus</strong></span> <span class='ocrx_word' id='word_1_170' title='bbox 1593 1982 1658 2029; x_wconf 89' lang='lat' dir='ltr'><strong>de</strong></span> 
     </span>
     <span class='ocr_line' id='line_1_31' title="bbox 177 2058 1658 2122; baseline 0.001 -19"><span class='ocrx_word' id='word_1_171' title='bbox 177 2059 475 2104; x_wconf 87' lang='lat' dir='ltr'><strong>Macedonia</strong></span> <span class='ocrx_word' id='word_1_172' title='bbox 506 2058 651 2105; x_wconf 85' lang='lat' dir='ltr'><strong>duxit</strong></span> <span class='ocrx_word' id='word_1_173' title='bbox 686 2076 743 2104; x_wconf 89' lang='lat' dir='ltr'><strong>ac</strong></span> <span class='ocrx_word' id='word_1_174' title='bbox 779 2059 905 2105; x_wconf 87' lang='lat' dir='ltr'><strong>vidit</strong></span> <span class='ocrx_word' id='word_1_175' title='bbox 941 2058 1269 2122; x_wconf 90' lang='lat' dir='ltr'><strong>triumphum,</strong></span> <span class='ocrx_word' id='word_1_176' title='bbox 1301 2062 1487 2121; x_wconf 90' lang='lat' dir='ltr'><strong>quippe</strong></span> <span class='ocrx_word' id='word_1_177' title='bbox 1520 2063 1658 2106; x_wconf 89' lang='lat' dir='ltr'><strong>cuius</strong></span> 
     </span>
     <span class='ocr_line' id='line_1_32' title="bbox 176 2136 1658 2199; baseline 0.001 -18"><span class='ocrx_word' id='word_1_178' title='bbox 176 2136 463 2197; x_wconf 89' lang='lat' dir='ltr'><strong>spectaculo</strong></span> <span class='ocrx_word' id='word_1_179' title='bbox 501 2136 725 2182; x_wconf 91' lang='lat' dir='ltr'><strong>triduum</strong></span> <span class='ocrx_word' id='word_1_180' title='bbox 763 2137 1068 2199; x_wconf 86' lang='lat' dir='ltr'><strong>impleverit.</strong></span> <span class='ocrx_word' id='word_1_181' title='bbox 1141 2136 1334 2182; x_wconf 90' lang='lat' dir='ltr'><strong>Primus</strong></span> <span class='ocrx_word' id='word_1_182' title='bbox 1373 2136 1481 2183; x_wconf 90' lang='lat' dir='ltr'><strong>dies</strong></span> <span class='ocrx_word' id='word_1_183' title='bbox 1517 2140 1658 2199; x_wconf 89' lang='lat' dir='ltr'><strong>signa</strong></span> 
     </span>
    </p>
   </div>
   <div class='ocr_carea' id='block_1_13' title="bbox 229 2321 1162 2374">
    <p class='ocr_par' dir='ltr' id='par_1_13' title="bbox 229 2321 1162 2374">
     <span class='ocr_line' id='line_1_33' title="bbox 229 2321 1162 2374; baseline 0.002 -14"><span class='ocrx_word' id='word_1_184' title='bbox 229 2321 244 2345; x_wconf 82' lang='lat'>¹</span> <span class='ocrx_word' id='word_1_185' title='bbox 273 2322 359 2361; x_wconf 87' lang='lat' dir='ltr'><strong>For</strong></span> <span class='ocrx_word' id='word_1_186' title='bbox 380 2322 451 2361; x_wconf 85' lang='lat' dir='ltr'><strong>the</strong></span> <span class='ocrx_word' id='word_1_187' title='bbox 471 2322 665 2373; x_wconf 82' lang='lat' dir='ltr'><strong>paradox</strong></span> <span class='ocrx_word' id='word_1_188' title='bbox 687 2336 751 2374; x_wconf 88' lang='lat' dir='ltr'><strong>cp.</strong></span> <span class='ocrx_word' id='word_1_189' title='bbox 776 2322 970 2371; x_wconf 82' lang='lat' dir='ltr'><strong>Martial,</strong></span> <span class='ocrx_word' id='word_1_190' title='bbox 996 2321 1056 2362; x_wconf 89' lang='lat' dir='ltr'><strong>II.</strong></span> <span class='ocrx_word' id='word_1_191' title='bbox 1082 2323 1162 2362; x_wconf 91' lang='lat'><strong>80:</strong></span> 
     </span>
    </p>
   </div>
   <div class='ocr_carea' id='block_1_14' title="bbox 335 2389 1461 2441">
    <p class='ocr_par' dir='ltr' id='par_1_14' title="bbox 335 2389 1461 2441">
     <span class='ocr_line' id='line_1_34' title="bbox 335 2389 1461 2441; baseline 0.001 -13"><span class='ocrx_word' id='word_1_192' title='bbox 335 2389 522 2428; x_wconf 81' lang='lat' dir='ltr'><strong>Hostem</strong></span> <span class='ocrx_word' id='word_1_193' title='bbox 542 2403 638 2429; x_wconf 72' lang='lat' dir='ltr'><strong>cuin</strong></span> <span class='ocrx_word' id='word_1_194' title='bbox 660 2389 845 2441; x_wconf 81' lang='lat' dir='ltr'><strong>fugeret,</strong></span> <span class='ocrx_word' id='word_1_195' title='bbox 870 2403 914 2428; x_wconf 90' lang='lat' dir='ltr'><strong>se</strong></span> <span class='ocrx_word' id='word_1_196' title='bbox 936 2390 1127 2428; x_wconf 83' lang='lat' dir='ltr'><strong>Fannius</strong></span> <span class='ocrx_word' id='word_1_197' title='bbox 1147 2390 1240 2441; x_wconf 90' lang='lat' dir='ltr'><strong>ipse</strong></span> <span class='ocrx_word' id='word_1_198' title='bbox 1259 2389 1461 2440; x_wconf 77' lang='lat' dir='ltr'><strong>peremit.</strong></span> 
     </span>
    </p>
   </div>
   <div class='ocr_carea' id='block_1_15' title="bbox 225 2442 1444 2538">
    <p class='ocr_par' dir='ltr' id='par_1_15' title="bbox 225 2442 1444 2538">
     <span class='ocr_line' id='line_1_35' title="bbox 225 2442 1444 2521; baseline 0.002 -40"><span class='ocrx_word' id='word_1_199' title='bbox 225 2496 242 2521; x_wconf 65' lang='lat'><strong>²</strong></span> <span class='ocrx_word' id='word_1_200' title='bbox 390 2443 488 2491; x_wconf 86' lang='lat' dir='ltr'><strong>Hic,</strong></span> <span class='ocrx_word' id='word_1_201' title='bbox 514 2457 631 2496; x_wconf 83' lang='lat' dir='ltr'><strong>rogo,</strong></span> <span class='ocrx_word' id='word_1_202' title='bbox 655 2457 740 2483; x_wconf 89' lang='lat' dir='ltr'><strong>non</strong></span> <span class='ocrx_word' id='word_1_203' title='bbox 761 2444 883 2483; x_wconf 80' lang='lat' dir='ltr'><strong>furor</strong></span> <span class='ocrx_word' id='word_1_204' title='bbox 905 2448 985 2492; x_wconf 83' lang='lat' dir='ltr'><strong>est,</strong></span> <span class='ocrx_word' id='word_1_205' title='bbox 1009 2456 1063 2482; x_wconf 88' lang='lat' dir='ltr'><strong>ne</strong></span> <span class='ocrx_word' id='word_1_206' title='bbox 1083 2444 1282 2491; x_wconf 86' lang='lat' dir='ltr'><strong>moriare,</strong></span> <span class='ocrx_word' id='word_1_207' title='bbox 1306 2442 1444 2483; x_wconf 84' lang='lat' dir='ltr'><strong>mori?</strong></span> 
     </span>
     <span class='ocr_line' id='line_1_36' title="bbox 274 2497 449 2538; baseline 0.017 -3"><span class='ocrx_word' id='word_1_208' title='bbox 274 2497 349 2535; x_wconf 77' lang='lat'><strong>182</strong></span> <span class='ocrx_word' id='word_1_209' title='bbox 368 2508 449 2538; x_wconf 59' lang='lat' dir='ltr'><strong>ne.</strong></span> 
     </span>
    </p>
   </div>
   <div class='ocr_carea' id='block_1_16' title="bbox 177 2588 270 2633">
    <p class='ocr_par' dir='ltr' id='par_1_16' title="bbox 177 2588 270 2633">
     <span class='ocr_line' id='line_1_37' title="bbox 177 2588 270 2633; baseline -0.011 -14"><span class='ocrx_word' id='word_1_210' title='bbox 177 2588 270 2633; x_wconf 86' lang='lat'><strong>130</strong></span> 
     </span>
    </p>
   </div>
  </div>
 </body>
</html>
