1802 2942
655 138 1049 189 CORNELIUS
1095 138 1315 187 NEPOS

691 288 858 336 XVII.
894 286 1285 335 AGESILAUS

294 398 342 449 1.
370 397 636 462 Agesilaus
654 397 1085 444 Lacedaemonius
1101 413 1216 442 cum
1232 412 1262 442 a
1274 398 1457 443 ceteris
1471 398 1722 458 scriptori-

230 468 323 514 bus
348 475 459 513 tum
485 468 669 512 eximie
695 481 725 510 a
747 463 1090 526 Xenophonte
1114 462 1368 510 Socratico
1391 462 1720 510 conlaudatus

233 541 339 588 est3
381 550 440 580 eo
464 536 599 579 enim
621 548 738 578 usus
762 538 841 578 est
861 529 1263 577 familiarissime.

180 608 206 646 2
293 601 390 647 Hic
434 603 654 662 primum
699 599 764 646 de
808 615 967 661 regno
1012 614 1127 644 cum
1175 596 1507 661 Leotychide,
1552 596 1720 644 fratris

232 668 350 723 filio,
406 667 587 714 habuit
643 669 1040 713 contentionem.
1112 664 1227 711 Mos
1286 671 1396 711 erat
1415 663 1436 693 1
1495 667 1630 711 enim
1688 681 1719 711 a

230 736 502 781 maioribus
532 734 946 780 Lacedaemoniis
973 732 1209 788 traditus,
1236 738 1296 778 ut
1322 732 1446 778 duos
1471 731 1722 779 haberent

231 819 432 864 semper
483 817 648 864 reges,
700 803 904 847 nomine
955 802 1117 863 magis
1171 815 1325 862 quam
1375 802 1605 861 imperio,
1657 815 1722 846 ex

233 858 428 917 duabus
460 867 661 914 familiis
694 867 856 913 Procli
887 874 942 913 et
972 865 1325 930 Eurysthenis,
1357 869 1444 929 qui
1472 869 1721 929 principes

179 945 206 985 3
229 954 293 984 ex
317 939 560 999 progenie
586 935 818 981 Herculis
843 933 1058 996 Spartae
1082 950 1229 997 reges
1254 932 1477 980 fuerunt.
1526 933 1723 980 Horum

234 1021 296 1051 ex
323 1003 518 1050 altera
507 1020 559 1048 m
585 1002 791 1049 alterius
816 1000 1038 1047 familiae
1061 1001 1227 1048 locum
1253 1002 1462 1064 regem2
1486 1000 1595 1047 fieri
1621 1017 1724 1047 non

231 1071 417 1118 licebat
436 1086 446 1125 ;
463 1074 537 1116 ita
553 1086 699 1116 suum
713 1076 930 1132 utraque
944 1069 1203 1115 retinebat
1217 1069 1461 1115 ordinem.
1499 1067 1724 1115 Primum

231 1142 362 1185 ratio
376 1137 680 1192 habebatur,
696 1140 781 1199 qui
794 1139 1044 1182 maximus
1059 1143 1185 1182 natu
1201 1142 1337 1182 esset
1352 1152 1416 1182 ex
1429 1135 1600 1183 liberis
1616 1140 1723 1183 eius

234 1209 320 1268 qui
347 1221 565 1268 regnans
595 1205 895 1251 decessisset
911 1219 922 1258 3
969 1206 1045 1250 sin
1073 1206 1113 1249 is
1143 1203 1283 1249 virile
1311 1219 1456 1250 secus
1483 1220 1585 1250 non
1610 1202 1724 1249 reli-

235 1276 445 1336 quisset,
488 1279 599 1318 tum
642 1271 965 1334 deligebatur
1007 1273 1093 1333 qui
1134 1273 1392 1333 proximus
1435 1277 1572 1317 esset
1610 1287 1724 1333 pro-

180 1347 210 1386 4
230 1343 536 1403 pinquitate.
607 1338 843 1385 Mortuus
871 1345 982 1384 erat
1006 1339 1131 1401 Agis
1155 1354 1264 1393 rex,
1287 1336 1447 1385 frater
1470 1337 1723 1402 Agesilai;

234 1407 392 1453 filium
434 1406 711 1468 reliquerat
756 1404 1140 1469 Leotychidem.
1208 1404 1376 1463 Quem
1417 1404 1502 1452 ille
1545 1412 1724 1452 natum

234 1492 335 1521 non
377 1480 608 1537 agnorat,
650 1473 870 1519 eundem
909 1475 1128 1518 moriens
1168 1488 1315 1518 suum
1356 1488 1466 1519 esse
1507 1472 1722 1519 dixerat.

237 1542 285 1588 Is
320 1542 384 1588 de
418 1541 607 1587 honore
639 1543 784 1603 regni
817 1556 932 1586 cum
965 1539 1222 1602 Agesilao,
1253 1546 1437 1602 patruo
1469 1556 1578 1596 suo,
1609 1556 1726 1586 con-

180 1618 209 1656 5
231 1609 400 1655 tendit
433 1624 602 1671 neque
635 1608 689 1654 id
724 1607 861 1670 quod
894 1610 1078 1669 petivit
1111 1614 1411 1653 consecutus
1448 1614 1555 1662 est3
1606 1623 1725 1653 nam

237 1675 499 1739 Lysandro
527 1673 855 1738 suffragante,
882 1673 1104 1730 homine,
1131 1681 1191 1720 ut
1218 1674 1531 1721 ostendimus
1557 1691 1725 1737 supra,

234 1742 446 1789 factioso
466 1749 518 1788 et
534 1745 591 1788 iis
609 1742 922 1804 temporibus
939 1748 1171 1803 potente,
1188 1741 1454 1804 Agesilaus
1470 1741 1725 1788 antelatus

237 1817 331 1857 est.

301 1875 349 1926 2.
385 1876 482 1922 Hic
519 1875 667 1922 simul
702 1882 858 1938 atque
894 1878 1093 1937 imperii
1125 1878 1320 1938 potitus
1353 1882 1449 1932 est,
1476 1878 1727 1938 persuasit

237 1944 654 1991 Lacedaemoniis
694 1950 754 1989 ut
794 1946 1046 1989 exercitus
1087 1942 1420 1989 emitterent3
1460 1946 1513 1989 in
1553 1944 1728 1989 Asiam

234 2011 528 2073 bellumque
558 2013 669 2073 regi
698 2009 945 2065 facerent,
976 2010 1161 2056 docens
1192 2012 1350 2056 satius
1382 2026 1493 2056 esse
1522 2013 1574 2056 in
1606 2010 1730 2057 Asia

239 2095 392 2140 quam
436 2081 488 2123 in
529 2078 734 2139 Europa
774 2078 1015 2124 dimicari.
1083 2077 1316 2139 Namque
1356 2076 1494 2123 fama
1533 2080 1730 2124 exierat

239 2147 563 2191 Artaxerxen
597 2161 889 2207 comparare
925 2144 1108 2190 classes
1142 2144 1510 2207 pedestresque
1541 2147 1731 2191 exerci-

187 2218 215 2256 2
237 2220 337 2268 tus,
354 2229 477 2275 quos
495 2215 547 2258 in
564 2212 830 2258 Graeciam
847 2214 1096 2257 mitteret.
1148 2211 1289 2258 Data
1303 2218 1565 2273 potestate
1582 2219 1731 2259 tanta

327 2318 344 2343 1
373 2322 481 2365 erat,
502 2317 664 2364 FZeclc.;
700 2321 781 2364 est,
802 2317 936 2357 MSS.
1080 2316 1096 2341 ²
1124 2331 1283 2370 regem,
1305 2317 1436 2358 added
1455 2317 1505 2370 by
1523 2318 1661 2359 Fleck.

578 2372 594 2396 ³
624 2373 863 2411 exercitum
883 2375 928 2410 et
948 2383 991 2410 se
1011 2371 1253 2418 mitterent,
1275 2371 1401 2411 Guill.

601 2501 618 2526 ²
647 2500 906 2540 Artaxerxes
927 2500 1130 2540 Mnemon
1148 2501 1185 2540 is
1205 2504 1367 2540 meant.

245 2579 332 2641 558
