1802 2942
143 286 198 325 59

156 1368 207 1408 61

163 1771 214 1810 62

612 145 666 192 L.
717 142 1050 191 ANNAEUS
1097 141 1363 189 FLORUS

305 277 406 322 Hic
443 275 555 321 finis
590 274 823 336 Augusto
858 273 1155 320 bellicorum
1191 270 1561 319 certaminum1
1606 270 1723 326 fuit,

236 344 372 390 idem
409 341 689 389 rebellandi
727 341 838 386 finis
878 340 1171 402 Hispaniae.
1258 339 1408 385 Certa
1447 354 1564 385 mox
1598 337 1722 384 fides

237 418 292 458 et
326 417 533 456 aeterna
558 425 670 471 pax,
695 425 807 454 cum
832 411 1051 469 ipsorum
1076 409 1283 468 ingenio
1306 409 1360 451 in
1382 408 1518 467 pacis
1553 410 1687 451 artes
1702 404 1723 434 ²

239 480 566 540 promptiore,
624 482 735 522 tum
794 474 1001 520 consilio
1062 473 1299 531 Caesaris,
1347 475 1434 534 qui
1491 471 1724 517 fiduciam

238 548 488 591 montium
523 547 709 589 timens
734 546 788 587 in
823 557 946 604 quos
982 557 1035 587 se
1072 540 1402 602 recipiebant,
1425 546 1587 586 castra
1621 555 1723 595 sua,

239 615 354 675 quia
389 614 442 656 in
475 610 626 672 plano
663 615 823 666 erant,
849 609 1077 654 habitare
1104 614 1158 653 et
1192 606 1412 653 incolere
1448 609 1621 660 iussit3
1656 606 1727 652 ibi

239 682 406 741 gentis
431 693 539 724 esse
565 676 846 733 concilium,
871 674 997 721 illud
1019 673 1304 721 observari3
1343 680 1508 735 caput.
1570 672 1609 718 F
1611 688 1727 718 ave-

242 748 329 792 bat
389 744 594 791 consilio
652 750 834 790 natura
878 745 1126 804 regionis3
1187 745 1316 787 circa
1374 744 1508 787 enim
1567 743 1727 786 omnis

238 810 490 859 aurifera4
530 817 607 857 est
645 817 698 857 et
733 807 1111 872 chrysocollae5
1146 812 1392 870 miniique
1429 814 1484 854 et
1518 807 1728 853 aliorum

239 881 458 927 colorum
509 877 663 924 ferax.
738 877 918 939 Itaque
956 879 1179 922 exerceri
1216 875 1376 921 solum
1417 877 1574 921 iussit.
1647 873 1729 921 Sic

241 948 453 993 Astures
475 945 495 975 ⁶
550 949 776 991 nitentes
824 947 877 990 in
925 943 1176 1005 profundo
1233 958 1354 1004 opes
1408 957 1520 988 suas
1575 947 1729 1004 atque

239 1015 456 1070 divitias,
492 1012 614 1058 dum
647 1012 755 1058 aliis
791 1017 1058 1074 quaerunt,
1093 1026 1238 1056 nosse
1275 1015 1566 1072 coeperunt.

342 1203 616 1250 XXXIIII.
671 1202 773 1249 PAx
812 1202 1127 1248 PARTHORVM
1165 1217 1226 1248 m·
1263 1201 1606 1247 CONSECRATIO

881 1271 1097 1315 Avovs'ri

315 1360 547 1406 OMMBus
567 1357 631 1404 ad
655 1373 886 1404 occasum
912 1363 967 1403 et
982 1356 1248 1403 meridiem
1274 1358 1462 1417 pacatis
1478 1356 1732 1417 gentibus,

246 1427 310 1474 ad
336 1429 741 1489 septentrionem
765 1441 983 1487 quoque,
1007 1424 1129 1470 dum
1164 1430 1305 1469 taxat
1329 1426 1462 1468 intra
1501 1422 1733 1469 Rhenum

246 1501 399 1557 atque
452 1493 755 1549 Danuvium,
792 1495 917 1538 item
952 1490 1015 1537 ad
1051 1494 1300 1537 orientem
1335 1493 1469 1536 intra
1515 1489 1735 1553 Cyrum⁷

249 1569 302 1609 et
362 1561 676 1623 Euphraten,
725 1559 798 1604 illi
856 1574 1057 1622 quoque
1114 1557 1312 1620 reliqui,
1360 1560 1445 1619 qui
1503 1560 1735 1603 inmunes

249 1632 447 1691 imperii
485 1634 646 1684 erant,
683 1627 975 1673 sentiebant
1022 1632 1195 1672 tamen
1231 1623 1636 1686 magnitudinem
1683 1629 1737 1670 et

248 1695 527 1743 victorem8
586 1697 817 1756 gentium
864 1692 1106 1755 populum
1167 1691 1481 1738 Romanum⁹
1538 1707 1737 1737 revere-

252 1765 447 1810 bantur.
501 1762 631 1808 Nam
657 1768 710 1807 et
734 1760 953 1823 Scythae
977 1764 1159 1806 misere
1183 1759 1378 1820 legatos
1403 1765 1457 1804 et
1481 1757 1737 1805 Sarmatae

253 1833 525 1876 amicitiam
550 1834 803 1891 petentes.
876 1827 1022 1874 Seres
1048 1831 1202 1873 etiam
1226 1826 1617 1888 habitantesque
1643 1826 1736 1872 sub

250 1902 358 1960 ipso
381 1897 483 1943 sole
513 1896 641 1953 Indi,
668 1912 782 1941 cum
807 1898 1020 1956 gemmis
1046 1901 1099 1941 et
1133 1896 1415 1954 margaritis
1440 1893 1738 1955 elephantos

248 1980 448 2028 quoque
484 1968 619 2009 inter
653 1979 864 2008 munera
904 1961 1186 2018 trahentes,
1222 1960 1348 2006 nihil
1385 1963 1542 2022 magis
1586 1976 1738 2022 quam

337 2063 352 2087 1
383 2062 638 2102 bellicorum
661 2061 975 2100 certaminum:
1006 2058 1110 2099 belli
1131 2058 1328 2099 civilium
1348 2058 1561 2098 certamin
1579 2057 1649 2099 B1.

332 2118 348 2142 ²
378 2124 519 2156 artes:
551 2120 647 2155 arte
669 2115 750 2154 Blt
781 2119 929 2166 partes
949 2113 1043 2155 NL.

336 2171 353 2196 ³
383 2171 627 2210 observari:
658 2169 890 2208 observare
908 2168 978 2207 Bl.

339 2226 354 2249 4
382 2224 596 2264 aurifera:
628 2223 843 2263 auriferae
862 2222 934 2262 Bl.

334 2278 352 2303 ⁸
382 2277 700 2330 chrysocollae:
731 2277 874 2316 chriso
892 2275 1001 2315 calle
1019 2274 1090 2317 B1.

335 2332 354 2357 ⁶
383 2334 567 2372 Astures
588 2332 678 2371 N2:
709 2336 855 2370 astare
873 2330 942 2369 Bl.

338 2387 356 2411 ⁴⁷
387 2387 575 2438 Cyrum:
607 2398 785 2436 ecyrum
804 2385 873 2425 N:
904 2384 1066 2423 circum
1086 2383 1134 2423 L.

335 2440 355 2464 Β
383 2442 594 2480 victorem
614 2440 782 2479 Abdus:
811 2439 1044 2478 victoriam
1065 2438 1175 2477 codd.

339 2495 355 2518 ⁹
386 2494 595 2546 populum
618 2493 864 2533 Romanum
884 2493 1048 2533 Aldus:
1079 2491 1231 2545 populi
1252 2490 1439 2532 Romani
1458 2490 1570 2531 codd.

258 2572 357 2633 348
