1747 2912
519 160 573 206 L.
626 158 959 206 ANNAEUS
1010 157 1280 205 FLORUS

160 286 362 334 Sullael
411 291 465 332 in
511 303 715 332 manum
775 285 1009 343 traditur,
1054 285 1364 346 tandemque
1411 290 1643 346 opertum

160 359 350 400 catenis
401 353 697 414 Iugurtham
738 357 791 398 in
838 352 1094 413 triumpho
1132 353 1345 413 populus
1395 351 1645 397 Romanus

73 428 120 467 18
162 426 370 482 aspexit.
445 420 545 466 Sed
566 420 650 466 ille
676 436 892 481 quoque,
916 422 1141 481 quamvis
1167 422 1326 464 victus
1350 435 1407 463 ac
1432 422 1644 475 vinctus,

160 488 287 534 vidit
310 488 503 544 urbem,
523 504 672 549 quam
698 486 927 533 venalem
952 492 1005 532 et
1028 485 1330 548 quandoque
1355 488 1645 546 perituram,

161 558 200 600 si
238 554 495 600 habuisset
531 561 828 615 emptorem,
865 553 1050 599 frustra
1086 555 1350 598 cecinerat.
1431 552 1551 608 Iam,
1587 557 1646 597 ut

159 621 348 667 venalis
384 620 578 677 fuisset,
614 621 792 666 habuit
829 625 1142 682 emptorem3
1202 635 1316 664 cum
1351 618 1494 664 illum
1531 634 1646 665 eva-

159 695 309 746 serat,
345 695 539 735 certum
576 694 684 734 erat
719 704 821 733 non
858 703 967 733 esse
1003 690 1290 749 perituram.

459 958 725 1005 XXXVII.
769 958 969 1003 BELLVM
1007 958 1348 1003 ALLOBROGVM

71 1074 140 1116 111,
158 1056 186 1104 2
241 1057 323 1103 S1c
338 1056 399 1102 ad
417 1056 679 1102 meridiem
696 1055 910 1118 populus
929 1055 1194 1100 Romanus.
1253 1054 1418 1100 Multo
1433 1058 1649 1101 atrocius

161 1131 214 1170 et
232 1124 581 1185 multipliciter
594 1127 752 1185 magis
769 1139 797 1167 a
810 1126 1158 1184 septentrione
1173 1125 1464 1167 venientem
1483 1119 1510 1149 *
1531 1120 1559 1150 *
1577 1120 1648 1169 *.2

105 1199 128 1237 2
161 1191 298 1236 Nihil
348 1191 439 1236 hac
477 1190 626 1251 plaga
672 1189 917 1235 infestius.
992 1189 1150 1234 Atrox
1189 1188 1400 1246 caelum,
1437 1188 1648 1250 perinde

159 1262 376 1320 ingenia.
474 1257 627 1303 Omni
675 1260 830 1318 igitur
876 1263 1042 1302 tractu
1090 1255 1339 1301 violentus
1397 1255 1572 1313 hostis,
1620 1272 1649 1301 a

160 1325 352 1371 dextris
409 1331 563 1386 atque
635 1323 789 1370 laevis
849 1330 904 1370 et
973 1339 1002 1368 a
1059 1322 1227 1368 medio
1286 1326 1648 1384 septentrionis

160 1396 339 1453 erupit.

105 1468 130 1507 3
230 1459 393 1504 Prima
433 1465 571 1504 trans
614 1457 770 1518 Alpes
811 1473 948 1502 arma
989 1462 1159 1502 nostra
1200 1472 1402 1502 sensere
1445 1455 1648 1514 Saluvii,

160 1542 273 1572 cum
310 1526 374 1571 de
414 1529 484 1571 eis
520 1525 755 1570 fidissima
790 1530 942 1586 atque
980 1526 1276 1569 amicissima
1307 1526 1480 1569 civitas
1514 1523 1646 1569 Mas-

106 1602 132 1639 4
163 1594 270 1639 silia
295 1599 622 1654 quereretur3
661 1591 961 1652 Allobroges
997 1590 1184 1636 deinde
1211 1597 1264 1636 et
1300 1590 1507 1647 Arveni,
1532 1607 1646 1636 cum

160 1660 396 1706 adversus
421 1658 539 1705 eos3
566 1658 751 1704 similes
789 1657 1118 1704 Haeduorum
1143 1656 1398 1719 querellae
1421 1673 1570 1719 opem
1595 1664 1648 1704 et

159 1727 399 1772 auxilium
435 1732 660 1772 nostrum
699 1725 1013 1786 flagitarent:
1069 1723 1369 1786 utriusque4
1411 1727 1648 1772 victoriae

161 1792 355 1840 testes5
395 1793 527 1839 Isara
553 1800 605 1839 et
644 1792 934 1838 Vindelicus
970 1807 1146 1837 amnes
1172 1798 1226 1837 et
1262 1794 1460 1852 inpiger
1493 1791 1648 1837 flumi-

103 1870 129 1907 5
158 1878 280 1906 num
309 1860 593 1908 Rhodanus,
645 1859 894 1904 Maximus
919 1860 1139 1904 barbaris
1164 1865 1326 1904 terror
1351 1857 1648 1920 elephanti?

163 1928 321 1984 fuere,
358 1929 643 1972 inmanitati
690 1929 922 1987 gentium
963 1941 1120 1987 pares.
1197 1924 1335 1970 Nihil
1382 1931 1486 1971 tam
1529 1942 1646 1971 con-

162 1999 388 2057 spicuum
424 1998 476 2039 in
512 1993 768 2055 triumpho
805 2009 954 2055 quam
991 2008 1077 2039 rex
1112 1995 1219 2054 ipse
1257 1991 1512 2039 Bituitus⁷
1547 1992 1647 2039 dis-

218 2118 233 2142 1
263 2118 398 2158 sullae
418 2119 488 2158 N:
516 2118 640 2157 sillae
660 2119 709 2156 Β.

218 2172 233 2195 ²
264 2175 461 2211 lacunam
473 2177 563 2223 post
583 2172 833 2210 venientem
862 2171 1068 2209 indicavit
1096 2170 1399 2210 Mommsenus:
1429 2169 1646 2210 saevitum

162 2228 224 2266 vel
244 2227 466 2265 saeviente
487 2227 651 2265 Aldus:
681 2226 805 2263 venit
825 2224 986 2264 malum
1006 2225 1068 2263 vel
1087 2224 1273 2264 exitium
1293 2224 1577 2265 Rossbachius.

217 2281 233 2305 ³
264 2294 335 2319 eos
355 2281 450 2320 add.
486 2281 591 2319 Voss.
617 2279 744 2318 Rehd.
771 2278 939 2318 Monac.
965 2278 1099 2317 Palat.

215 2335 236 2374 ἒ
265 2335 493 2385 utriusque
513 2332 720 2372 Iahnius:
755 2333 987 2384 variusque
1005 2332 1119 2371 codd.

220 2388 235 2412 ⁵
266 2393 402 2427 testes
422 2388 642 2427 Dat-arus:
672 2386 800 2425 testis
820 2387 931 2426 codd.
1023 2425 1037 2438 ,

219 2441 235 2465 ⁶
263 2441 485 2493 elephanti
506 2441 550 2479 N
563 2441 622 2481 L:
654 2440 899 2492 elephantis
919 2441 967 2478 B.

219 2495 234 2518 ⁷
264 2495 460 2535 Bituitus
478 2510 487 2534 ε
520 2495 708 2534 vituitus
727 2495 788 2536 B:
820 2492 886 2533 bis
907 2493 1026 2533 visus
1045 2492 1089 2532 N
1100 2492 1150 2534 L.

171 2573 262 2617 166
