1802 2942
651 174 1046 225 CORNELIUS
1091 173 1312 222 NEPOS

726 324 823 370 ΙΙΙ.
861 321 1222 370 ARISTIDES

290 434 339 486 1.
375 433 642 489 Aristides,
660 431 948 496 Lysimachi
967 431 1113 486 filius,
1134 429 1479 483 Atheniensis,
1500 426 1723 490 aequalis

227 509 334 556 fere
373 508 470 554 fuit
507 505 832 553 Themistocli
870 508 1046 567 itaque
1084 520 1198 549 cum
1238 519 1297 549 eo
1336 503 1400 549 de
1437 504 1725 564 principatu

173 589 201 627 2
226 582 518 635 contendit3
576 595 798 642 namque
840 579 1194 625 obtrectarunt
1233 580 1368 622 inter
1407 592 1478 622 se.
1548 574 1609 621 In
1648 573 1724 620 his

229 663 403 702 autem
448 657 709 717 cognitum
755 659 833 699 est
879 659 1071 714 quanto
1117 654 1389 697 antistaret
1434 649 1727 712 eloquentia

228 732 565 776 innocentiae.
653 727 977 789 Quamquam
1045 728 1179 771 enim
1247 724 1374 771 adeo
1442 722 1727 770 excellebat

230 803 478 850 Aristides
505 802 831 855 abstinentia,
855 807 914 846 ut
937 816 1065 845 unus
1089 805 1206 861 post
1227 797 1490 844 hominum
1511 813 1728 843 memor-

228 882 347 933 iam,
371 894 523 940 quem
547 877 753 939 quidem
774 893 863 922 nos
888 876 1211 931 audierimus,
1234 877 1533 939 cognomine
1557 874 1727 920 Iustus

230 956 296 1000 sit
334 952 635 1014 appellatus,
674 958 850 997 tamen
889 967 918 996 a
954 949 1294 996 Themistocle
1331 947 1727 1004 conlabefactus,

231 1026 422 1073 testula
467 1025 552 1071 illa
599 1024 772 1071 exsilio
820 1025 998 1071 decem
1045 1040 1291 1091 annorum
1336 1023 1583 1070 multatus
1632 1029 1726 1069 est.

176 1110 206 1150 3
230 1101 329 1160 Qui
378 1100 583 1162 quidem
631 1115 746 1145 cum
793 1098 1120 1161 intellegeret
1166 1091 1372 1160 reprimi
1420 1100 1728 1144 concitatam

231 1173 614 1220 multitudinem
643 1189 744 1218 non
772 1189 937 1234 posse,
968 1172 1256 1234 cedensque
1288 1170 1730 1218 animadvertisset

233 1248 490 1311 quendam
523 1247 830 1309 scribentem
861 1253 920 1292 ut
951 1248 1117 1308 patria
1146 1245 1440 1308 pelleretur,
1474 1247 1730 1307 quaesisse

235 1323 299 1368 ab
337 1337 396 1366 eo
433 1320 616 1382 dicitur
653 1336 753 1383 qua
787 1335 842 1365 re
878 1319 931 1365 id
966 1318 1160 1365 faceret
1196 1325 1285 1365 aut
1322 1318 1445 1381 quid
1480 1318 1729 1365 Aristides

180 1404 210 1441 4
233 1397 563 1442 commisisset
591 1410 677 1439 cur
703 1386 852 1439 tanta
878 1409 1044 1455 poena
1071 1393 1252 1456 dignus
1281 1392 1568 1439 duceretur.
1638 1391 1731 1438 Cui

234 1469 318 1516 ille
361 1467 623 1530 respondit
666 1483 719 1513 se
763 1470 995 1530 ignorare
1039 1467 1317 1522 Aristiden,
1361 1466 1452 1513 sed
1495 1466 1588 1512 sibi
1631 1482 1732 1512 non

235 1543 435 1607 placere
485 1541 622 1604 quod
670 1548 778 1587 tam
827 1541 1010 1603 cupide
1061 1540 1371 1602 elaborasset
1419 1546 1478 1586 ut
1526 1546 1732 1602 praeter

180 1628 210 1665 5
235 1624 429 1664 ceteros
477 1615 647 1661 Iustus
694 1615 1051 1677 appellaretur.
1121 1614 1218 1660 Hic
1263 1615 1441 1661 decem
1487 1630 1733 1660 annorum

236 1691 519 1754 legitimam
567 1705 786 1752 poenam
835 1706 936 1735 non
984 1688 1210 1751 pertulit.
1281 1688 1413 1734 Nam
1461 1694 1733 1751 postquam

236 1765 432 1811 Xerxes
484 1766 536 1808 in
589 1762 855 1808 Graeciam
908 1762 1189 1817 descendit,
1242 1769 1389 1808 sexto
1440 1760 1549 1808 fere
1601 1778 1731 1808 anno

239 1856 392 1902 quam
413 1844 523 1883 erat
545 1836 799 1899 expulsus,
819 1836 992 1899 populi
1011 1839 1137 1883 scito
1156 1840 1208 1883 in
1227 1840 1447 1899 patriam
1465 1839 1733 1883 restitutus

240 1920 333 1959 est.

304 1985 352 2036 2.
389 1983 631 2030 Interfuit
662 1990 836 2030 autem
866 2000 1071 2047 pugnae
1101 1983 1266 2030 navali
1299 1984 1435 2047 apud
1464 1982 1734 2040 Salamina,

241 2077 372 2125 quae
398 2059 536 2106 facta
564 2065 642 2105 est
667 2062 804 2121 prius
833 2075 986 2122 quam
1012 2075 1177 2122 poena
1202 2059 1520 2106 liberaretur.
1590 2059 1735 2106 Idem

239 2143 443 2200 praetor
474 2134 572 2180 fuit
603 2133 995 2213 Atheniensium
1028 2134 1164 2197 apud
1195 2133 1430 2181 Plataeas
1461 2137 1515 2181 in
1544 2135 1735 2198 proelio

241 2229 340 2274 quo
365 2210 661 2256 Mardonius
685 2202 824 2256 fusus
848 2201 1280 2272 barbarorumque
1305 2212 1557 2257 exercitus
1581 2213 1737 2257 inter-

188 2294 216 2332 2
239 2287 402 2334 fectus
455 2292 547 2331 est.
623 2284 803 2347 Neque
856 2284 993 2331 aliud
1044 2291 1123 2331 est
1173 2284 1331 2331 ullum
1380 2284 1542 2332 huius·
1578 2288 1632 2331 in
1680 2301 1736 2333 re

303 2407 321 2432 ¹
348 2408 427 2448 See
447 2411 552 2446 note
573 2406 614 2452 2,
636 2419 678 2457 p.
702 2407 796 2445 400.

303 2462 319 2486 ²
347 2461 590 2511 According
608 2464 656 2498 to
679 2472 760 2499 one
782 2460 953 2498 version
972 2459 1018 2498 of
1036 2459 1112 2499 the
1132 2462 1268 2510 story,
1289 2460 1366 2499 the
1385 2472 1490 2499 man
1509 2459 1637 2500 could
1655 2464 1735 2501 not

246 2516 368 2555 write
387 2515 474 2554 and
491 2514 703 2553 Aristides
717 2517 852 2553 wrote
870 2513 937 2553 his
957 2526 1055 2553 own
1072 2525 1201 2553 name
1218 2514 1288 2553 for
1308 2514 1400 2554 him
1419 2526 1478 2554 on
1490 2514 1567 2554 the
1587 2513 1733 2555 shard.

238 2593 331 2651 408
