1747 2912
512 127 566 173 L.
620 125 955 173 ANNAEUS
1006 125 1277 173 FLORUS

154 257 250 301 nisi
297 253 555 301 fortissimi
603 258 692 300 viri
748 258 801 299 in
856 258 964 316 ipsa
1012 257 1218 300 victoria
1276 271 1363 300 sua
1414 257 1639 317 oppressi

158 335 344 381 Punica
384 335 561 382 fraude
601 334 921 392 cecidissent,
962 341 1098 380 terra
1138 338 1363 397 marique
1410 339 1638 383 victores.

94 423 121 463 7
160 416 321 478 Igitur
359 419 499 478 quasi
546 432 725 461 novam
767 419 1121 477 integramque
1164 419 1471 477 provinciam
1506 416 1641 462 ultor

155 500 309 558 patris
353 503 406 542 et
443 500 610 558 patrui
644 496 811 558 Scipio
853 496 939 542 ille
977 512 1093 542 mox
1135 495 1402 542 Africanus
1443 499 1640 553 invasit,

154 581 295 639 isque
321 581 492 623 statim
529 584 676 639 capta
713 576 1018 638 Carthagine
1058 583 1112 623 et
1147 577 1256 622 aliis
1292 578 1513 633 urbibus,
1539 593 1642 623 non

152 665 426 705 contentus
491 658 683 704 Poenos
741 657 1011 719 expulisse,
1064 657 1445 719 stipendiariam
1497 659 1641 703 nobis

156 742 463 801 provinciam
511 738 650 795 fecit,
699 754 872 784 omnes
932 742 1057 784 citra
1111 738 1342 800 ultraque
1392 738 1643 784 Hiberum

156 820 368 866 subiecit
426 822 651 881 imperio,
715 822 1004 880 primusque
1066 819 1399 864 Romanorum
1459 819 1644 865 ducum

157 904 315 946 victor
348 900 411 945 ad
449 899 617 946 Gades
655 906 708 946 et
746 899 938 945 Oceani
975 916 1059 945 ora
1094 903 1338 960 pervenit.
1417 899 1531 946 Plus
1566 906 1645 946 est

93 990 124 1028 8
158 984 464 1042 provinciam
490 983 712 1026 retinere
739 996 888 1041 quam
913 979 1095 1027 facere.
1161 980 1338 1041 ltaque
1362 995 1453 1041 per
1476 986 1645 1042 partes

157 1066 255 1107 iam
279 1062 393 1118 huc,
418 1065 518 1106 iam
540 1061 659 1106 illuc
685 1064 820 1106 missi
846 1060 1015 1117 duces,
1042 1063 1127 1122 qui
1153 1059 1482 1106 ferocissimas
1516 1067 1570 1107 et
1593 1063 1646 1105 in

158 1142 208 1187 id
253 1148 452 1202 tempus
492 1141 672 1187 liberas
712 1146 894 1202 gentes
935 1140 1151 1202 ideoque
1190 1143 1499 1201 inpatientes
1541 1144 1646 1202 iugi

157 1223 318 1268 multo
365 1222 535 1268 labore
582 1238 677 1268 nec
726 1224 1003 1267 incruentis
1054 1222 1412 1267 certaminibus
1461 1225 1646 1268 servire

96 1312 128 1351 9
165 1304 459 1350 docuerunt.
553 1303 675 1348 Cato
714 1302 799 1348 ille
843 1305 1095 1348 censorius
1138 1301 1433 1359 Celtiberos,
1471 1302 1524 1348 id
1571 1309 1648 1349 est

160 1387 309 1431 robur
348 1385 645 1446 Hispaniae,
669 1383 860 1446 aliquot
898 1383 1098 1445 proeliis
1134 1382 1300 1445 fregit.
1376 1383 1646 1442 Gracchus,

161 1474 305 1528 pater
330 1466 415 1511 ille
453 1465 810 1521 Gracchorum,
837 1464 1042 1511 eosdem
1079 1471 1285 1510 centum
1322 1471 1375 1510 et
1410 1468 1648 1527 quinqua·

72 1552 124 1593 10
164 1550 306 1608 ginta
331 1547 527 1592 urbium
554 1548 813 1591 eversione
838 1544 1084 1590 multavit.
1161 1544 1401 1590 Metellus
1437 1544 1538 1603 ille,
1564 1549 1649 1608 qui

162 1645 224 1674 ex
271 1627 569 1673 Macedonia
605 1642 886 1688 cognomen
921 1632 1191 1682 meruerat,
1230 1631 1283 1671 et
1319 1625 1649 1674 Celtibericus

162 1709 267 1755 fieri
315 1712 515 1764 meruit,
555 1724 668 1753 cum
707 1713 761 1754 et
808 1707 1172 1753 Contrebiam1
1213 1708 1525 1753 memorabili
1569 1724 1649 1755 ce-

161 1794 318 1852 pisset
387 1789 619 1851 exemplo
686 1795 740 1835 et
811 1789 1144 1850 Nertobrigae
1168 1786 1187 1815 2
1243 1792 1430 1835 maiore
1489 1789 1648 1850 gloria

70 1876 125 1917 11
165 1874 487 1933 pepercisset.
587 1869 824 1915 Lucullus
879 1869 1126 1915 Turdulos
1178 1875 1332 1931 atque
1381 1869 1648 1927 Vaccaeos,

161 1951 224 1997 de
263 1952 441 2013 quibus
478 1950 562 1996 ille
601 1950 766 2012 Scipio
799 1953 1044 2012 posterior
1084 1949 1322 2012 singulari
1358 1954 1649 2008 certamine,

73 2037 128 2078 12
166 2048 278 2077 cum
303 2048 392 2078 rex
418 2031 595 2077 fuisset
620 2037 927 2092 provocator,
954 2034 1119 2092 opima
1143 2031 1427 2077 rettulerat.
1500 2031 1650 2078 Deci-

164 2129 273 2158 mus
300 2112 484 2158 Brutus
508 2111 765 2173 aliquanto
789 2111 938 2158 latius
965 2111 1179 2158 Celticos
1206 2110 1571 2174 Lusitanosque
1597 2119 1650 2160 et

311 2266 327 2292 1
358 2260 639 2301 Contrebiam
661 2273 670 2299 ε
701 2259 971 2299 cantabria-m
993 2261 1060 2300 B:
1092 2273 1189 2299 cum
1215 2259 1222 2313 Ι
1247 2260 1433 2300 trebiam
1454 2263 1503 2301 L.

310 2315 326 2338 ²
355 2314 677 2366 Nertobrigae:
709 2314 984 2354 nectobricae
1006 2316 1070 2353 B:
1100 2314 1364 2366 nersobrigis
1387 2316 1436 2354 L.

420 2469 435 2495 ²
465 2469 576 2510 New
595 2469 825 2522 Carthage,
851 2470 927 2510 the
947 2468 1127 2509 modern
1147 2468 1406 2522 Cartagena.

170 2550 265 2605 -146
