1802 2942
630 183 683 230 L.
735 183 1068 230 ANNAEUS
1119 183 1389 231 FLORUS

177 319 230 358 29
334 311 436 359 Sed
463 311 708 357 difficilius
729 318 807 357 est
831 314 1110 372 provincias
1128 313 1359 358 obtinere
1379 328 1529 374 quam
1556 311 1720 359 facere
1742 329 1753 368 ;

178 395 232 434 30
271 388 456 432 viribus
494 392 751 448 parantur,
789 389 897 431 iure
940 390 1240 432 retinentur.
1315 386 1479 448 Igitur
1516 387 1667 433 breve
1703 387 1756 433 id

269 461 520 523 gaudium.
609 459 815 521 Quippe
888 458 1131 505 Germani
1187 463 1309 505 victi
1379 463 1538 521 magis
1607 476 1756 522 quam

270 535 448 580 domiti
491 541 652 590 erant,
691 549 957 595 moresque
1000 540 1197 579 nostros
1231 537 1393 595 magis
1433 550 1582 595 quam
1621 551 1757 580 arma

177 616 229 655 31
269 610 360 655 sub
400 613 702 670 imperatore
744 607 909 653 Druso
949 609 1330 668 suspiciebant3
1366 615 1634 670 postquam
1671 608 1756 655 ille

269 683 540 729 defunctus
566 690 659 739 est,
686 682 802 727 Vari
830 681 1069 739 Quintilli
1093 682 1363 728 libidinem
1388 698 1445 728 ac
1470 683 1757 744 superbiam

270 757 403 803 haud
425 773 567 803 secus
593 773 742 818 quam
768 759 1028 801 saevitiam
1051 756 1215 802 odisse
1241 762 1536 818 coeperunt.
1592 757 1757 802 Ausus

270 831 355 877 ille
381 847 532 891 agere
561 836 886 887 conventum,
913 837 967 875 et
990 834 1044 875 in
1079 829 1324 876 Catthos1
1351 830 1594 887 edixerat,
1619 834 1757 892 quasi

270 904 597 950 violentiam2
632 904 955 949 barbarorum
990 903 1179 950 lictoris
1213 907 1364 965 virgis
1408 911 1462 950 et
1498 908 1757 965 praeconis

179 985 231 1024 32
270 994 389 1024 voce
427 984 599 1039 posset
632 977 878 1023 inhibere.
953 977 1026 1023 At
1068 977 1158 1034 illi,
1196 981 1282 1039 qui
1320 981 1418 1022 iam
1451 977 1650 1038 pridem
1685 994 1757 1023 ro-

272 1053 442 1114 bigine
478 1050 702 1098 obsitos3
741 1067 888 1098 enses
927 1054 1220 1114 inertesque
1259 1057 1547 1098 maererent
1587 1067 1756 1113 equos,

271 1133 327 1172 ut
363 1129 580 1188 primum
628 1132 773 1185 togas
812 1131 865 1170 et
904 1128 1125 1170 saeviora
1166 1128 1314 1170 armis
1356 1127 1465 1170 iura
1500 1125 1757 1182 viderunt,

181 1209 232 1248 33
271 1201 399 1247 duce
436 1202 679 1246 Armenio
696 1200 718 1229 4
741 1217 876 1245 arma
902 1203 1209 1262 corripiunt3
1247 1217 1360 1246 cum
1386 1203 1591 1246 interim
1614 1207 1759 1247 tanta

272 1283 380 1323 erat
405 1277 535 1321 Varo
562 1279 698 1337 pacis
735 1276 934 1333 fiducia,
959 1282 1017 1322 ut
1052 1292 1118 1321 ne
1153 1275 1353 1337 prodita
1389 1274 1635 1338 quidem⁵
1668 1293 1759 1337 per

273 1352 538 1414 Segestem
559 1352 578 1381 6
627 1351 820 1396 unum'7
875 1354 1161 1412 principum
1225 1354 1570 1396 coniuratione
1625 1367 1758 1397 com-

181 1434 235 1473 34
272 1432 571 1472 moveretur.
663 1425 841 1487 Itaque
884 1425 1204 1486 inprovidum
1245 1431 1298 1470 et
1342 1424 1467 1469 nihil
1511 1424 1614 1470 tale
1659 1441 1758 1471 me-

272 1508 508 1548 tuentem
522 1504 845 1562 exinproviso
861 1501 1042 1557 adorti,
1055 1517 1169 1546 cum
1186 1500 1371 1546 ille—o
1388 1500 1757 1547 securitas—ad

271 1575 490 1622 tribunal
517 1579 712 1631 citaret,
739 1574 966 1636 undique
992 1574 1238 1620 invadunt
1260 1590 1271 1629 ;
1299 1581 1460 1620 castra
1478 1577 1757 1636 rapiuntur,

181 1658 233 1697 35
272 1657 375 1697 tres
423 1649 652 1711 legiones
700 1652 1071 1710 opprimuntur.
1160 1648 1320 1694 Varus
1370 1648 1593 1710 perditas
1640 1648 1758 1694 res8

281 1723 462 1770 eodem
488 1739 586 1784 quo
612 1722 930 1768 Cannensem
969 1722 1104 1768 diem
1140 1722 1322 1767 Paulus
1348 1728 1401 1767 et
1424 1721 1531 1767 fato
1557 1728 1635 1768 est
1658 1728 1713 1768 et
1737 1721 1758 1751 ⁹

180 1805 232 1844 36
269 1801 435 1843 animo
461 1803 675 1842 secutus.
751 1795 892 1841 Nihil
917 1796 1004 1841 illa
1030 1796 1188 1842 caede
1215 1812 1306 1857 per
1330 1795 1541 1857 paludes
1567 1812 1756 1858 perque

268 1871 414 1918 silvas
486 1874 760 1927 cruentius,
831 1870 957 1915 nihil
1028 1870 1358 1916 insultatione
1430 1871 1754 1916 barbarorum

269 1945 651 2002 intolerabilius,
680 1948 951 2007 praecipue
980 1950 1155 1990 tamen
1197 1947 1250 1989 in
1292 1960 1551 1990 causarum
1589 1951 1752 2006 patro-

327 2050 344 2073 1
371 2051 414 2089 in
443 2048 632 2088 Catthos
664 2050 742 2095 (vel
776 2047 992 2097 Chaucos)
1023 2047 1224 2088 edixerat
1252 2048 1548 2088 Rossbachius:
1579 2048 1755 2088 incauto

268 2103 489 2143 sedixerat
509 2104 546 2141 B
564 2117 574 2142 ε
605 2103 796 2141 incastos
816 2101 910 2141 sedi
930 2106 1106 2142 rexerat
1126 2103 1171 2142 N
1187 2117 1198 2142 z
1229 2102 1434 2142 incastris
1464 2114 1510 2141 se
1531 2101 1755 2142 direxerat

273 2158 330 2198 L:
362 2157 583 2196 incautius
605 2157 804 2195 edixerat
824 2155 1041 2196 Halmius.

324 2211 341 2235 ²
370 2210 656 2250 violentiam:
689 2210 933 2250 vinolentia
953 2211 1004 2249 B.

324 2265 340 2289 ³
370 2264 536 2304 obsitos
556 2264 687 2304 Rehd.
706 2278 717 2304 ε
747 2264 907 2303 oblitos
927 2263 1026 2303 BN.

325 2320 343 2343 ⁴
373 2318 582 2358 Armenio
602 2319 709 2358 NL:
739 2331 788 2357 ar
808 2331 933 2358 meno
954 2318 1005 2358 B.

273 2425 301 2466 d
324 2372 340 2397 ⁵
371 2371 550 2424 prodita
597 2371 774 2424 quidem
821 2372 1030 2412 Iahniusz
1089 2370 1265 2424 perdita
1311 2369 1489 2423 quidem
1539 2374 1617 2410 aut
1655 2383 1755 2423 pro-

304 2427 368 2466 ita
388 2427 440 2465 B.

321 2480 338 2504 ⁸
368 2479 591 2531 Segestem
611 2479 675 2519 L:
707 2483 929 2532 segentem
950 2479 1002 2519 B.
1225 2479 1241 2504 ⁷
1270 2491 1407 2518 unum
1423 2492 1436 2519 ε
1464 2478 1593 2518 unius
1613 2478 1664 2519 B.

326 2534 342 2558 ⁸
371 2532 568 2585 perditas
588 2546 656 2572 res
675 2533 720 2573 N
734 2547 745 2574 ε
774 2533 899 2586 perdi
920 2537 1065 2573 castra
1084 2533 1136 2574 B.

271 2601 367 2660 338
