1802 2942
584 181 640 228 L.
691 181 1027 228 ANNAEUS
1076 181 1349 229 FLORUS

228 311 320 357 sibi
381 309 643 355 Caesarem
691 309 962 367 videretur,
1018 312 1389 355 circumventus
1446 313 1554 371 ipse
1612 315 1705 357 est.

137 398 189 436 48
227 391 358 436 Nam
388 406 502 435 cum
535 389 620 435 diu
653 406 814 452 aequo
852 389 1018 436 Marte
1056 389 1446 447 contenderent,
1471 394 1709 452 iussuque

228 471 435 532 Pompei
460 469 633 516 fusus1
662 487 690 515 a
716 486 869 516 cornu
906 473 1154 532 erupisset
1191 474 1464 532 equitatus,
1495 476 1709 532 repente

225 551 344 597 hinc
385 554 528 612 signo
566 550 685 597 dato
729 550 1093 597 Germanorum
1136 550 1367 597 cohortes
1405 557 1604 597 tantum
1657 554 1710 597 in

228 632 406 678 effusos
431 634 626 694 equites
662 631 829 678 fecere
856 635 1120 693 impetum,
1146 638 1204 677 ut
1228 631 1302 677 illi
1327 631 1470 678 esse2
1495 631 1710 694 pedites,

136 720 190 759 49
225 712 316 758 hi3
370 716 541 758 venire
599 715 652 757 in
705 715 845 774 equis
905 711 1213 758 viderentur.
1290 713 1441 758 Hanc
1489 719 1712 774 stragem

136 1125 188 1164 50

135 1529 185 1568 51

135 2011 188 2050 52

226 793 468 854 fugientis
512 796 766 854 equitatus
808 792 932 838 levis
969 799 1251 838 armaturae
1293 796 1437 838 ruina
1473 796 1712 839 comitata

227 880 334 928 est;
376 880 498 919 tunc
541 880 733 919 terrore
775 873 925 919 latius
964 873 1099 930 dato,
1137 874 1458 920 turbantibus
1495 876 1712 920 invicem

227 956 396 1015 copiis,
439 953 631 1015 reliqua
673 960 864 1015 strages
908 956 1048 1015 quasi
1087 970 1186 999 una
1225 970 1377 999 manu
1416 953 1552 1000 facta
1601 961 1712 1010 est3

225 1051 320 1081 nec
355 1034 459 1081 ulla
493 1051 572 1080 res
608 1037 767 1096 magis
804 1037 958 1080 exitio
997 1033 1093 1080 fuit
1129 1051 1278 1096 quam
1314 1038 1422 1096 ipsa
1459 1038 1710 1081 exercitus

226 1116 535 1179 magnitudo.
635 1115 828 1162 Multus
891 1119 945 1161 in
1004 1132 1064 1162 eo
1123 1115 1315 1178 proelio
1375 1116 1556 1162 Caesar
1613 1115 1712 1162 fuit

224 1198 521 1260 mediusque
569 1200 704 1243 inter
744 1200 1101 1258 imperatorem
1141 1203 1194 1243 et
1241 1195 1469 1242 militem.
1551 1196 1713 1243 Voces

229 1294 428 1342 quoque
467 1278 809 1340 obequitantis
858 1283 1115 1339 acceptae,
1158 1276 1316 1322 altera
1358 1283 1584 1333 cruenta,
1623 1276 1713 1323 sed

225 1360 374 1406 docta
411 1365 464 1405 et
499 1358 563 1404 ad
601 1361 859 1404 victoriam
896 1358 1066 1404 efficax
1098 1357 1292 1403 “miles
1327 1356 1508 1403 faciem
1541 1356 1636 1403 feri
1657 1357 1712 1403 !''

223 1440 382 1486 altera
428 1439 492 1484 ad
536 1442 861 1485 iactationem
899 1441 1159 1500 conposita
1201 1442 1401 1499 “parce
1444 1438 1633 1484 civibus
1655 1437 1709 1483 !'’

225 1537 339 1567 cum
388 1523 495 1581 ipse
543 1525 840 1582 sequeretur
893 1518 1094 1565 felicem
1151 1524 1426 1580 utcumque
1472 1522 1526 1563 in
1570 1518 1713 1564 malis

227 1602 536 1662 Pompeium,
576 1604 616 1646 si
655 1599 833 1646 eadem
873 1602 1037 1662 ipsum
1081 1598 1251 1662 quae4
1288 1601 1567 1645 exercitum
1607 1602 1714 1645 eius

225 1681 428 1728 fortuna
471 1684 717 1726 traxisset.
793 1679 1059 1742 Superstes
1104 1679 1368 1741 dignitatis
1412 1695 1529 1725 suae
1571 1682 1712 1737 vixit,

227 1769 283 1808 ut
309 1778 422 1808 cum
450 1764 635 1807 maiore
660 1760 909 1807 dedecore
935 1777 1026 1822 per
1050 1760 1337 1806 Thessalica
1361 1759 1555 1822 Tempe
1583 1776 1713 1823 equo

224 1842 445 1904 fugeret,
494 1849 551 1888 ut
598 1859 698 1887 una
744 1841 972 1888 navicula
1021 1841 1222 1888 Lesbon
1271 1840 1566 1902 applicaret,
1617 1839 1712 1887 ut⁵

229 1923 469 1985 Syedris⁶
523 1927 576 1968 in
640 1922 842 1968 deserto
905 1922 1108 1968 Ciliciae
1167 1921 1372 1983 scopulo
1430 1920 1602 1982 fugam
1659 1925 1713 1967 in

228 2003 452 2060 Parthos,
481 2002 702 2048 Africam
723 2002 800 2048 vel
827 2002 1124 2065 Aegyptum
1150 2004 1385 2063 agitaret,
1409 2007 1466 2047 ut
1490 2001 1711 2064 denique

227 2084 423 2130 Pelusio
463 2083 611 2129 litore
649 2086 861 2144 imperio
898 2083 1122 2129 vilissimi
1162 2085 1310 2143 regis,
1344 2082 1561 2128 consiliis
1602 2098 1711 2144 spa-

226 2165 414 2212 donum
454 2171 523 2222 et,
549 2180 613 2210 ne
651 2164 772 2226 quid
809 2163 953 2210 malis
990 2163 1138 2220 desit,
1172 2162 1406 2224 Septimii
1442 2162 1711 2210 desertoris

373 2312 388 2336 1
419 2313 486 2351 sui
503 2316 590 2362 post
610 2311 733 2351 fusus
754 2312 852 2352 add.
873 2312 923 2353 B.
1125 2310 1142 2336 ²
1171 2323 1290 2350 esse:
1322 2314 1469 2350 essent
1489 2312 1542 2352 B.

373 2367 390 2390 ³
420 2365 495 2405 hi:
526 2365 606 2404 ulli
627 2367 677 2404 B.

375 2420 391 2444 ⁴
419 2420 563 2471 ipsum
583 2432 722 2471 quae:
753 2419 984 2471 ipsumque
1003 2418 1093 2458 BL.

374 2473 391 2498 ⁵
422 2473 681 2525 applicaret,
706 2477 758 2512 ut
773 2473 1070 2512 Rossbachius:
1105 2471 1435 2523 applicarentur
1454 2474 1499 2511 et
1516 2472 1570 2512 B.

377 2527 393 2550 ⁶
425 2526 605 2579 Syedris
625 2528 888 2567 Salmasius:
919 2525 1066 2566 hedris
1084 2527 1195 2566 codd.

228 2603 319 2649 282
