1802 2942
483 498 917 560 CORNELII
975 497 1355 557 NEPOTIS

255 643 462 694 LIBER
510 643 606 689 DE
652 640 1228 689 EXCELLENTIBUS
1277 638 1582 688 DUCIBUS

510 748 952 797 EXTERARUM
1002 748 1333 796 GENTIUM

726 939 1118 987 PRAEFATIO

170 1079 190 1118 1
283 1070 397 1117 NON
427 1070 605 1117 dubito
634 1068 741 1115 fore
771 1067 1057 1131 plerosque,
1087 1068 1280 1123 Attice,
1311 1070 1397 1129 qui
1425 1065 1520 1113 hoc
1548 1081 1710 1130 genus

220 1141 497 1200 scripturae
548 1136 659 1182 leve
684 1135 765 1182 „et
814 1152 915 1181 non
965 1138 1086 1181 satis
1138 1134 1348 1197 dignum
1399 1149 1710 1180 summorum

219 1209 437 1252 virorum
466 1206 691 1267 personis
723 1202 966 1258 iudicent,
998 1219 1112 1248 cum
1142 1201 1360 1247 relatum
1391 1201 1568 1264 legent
1599 1203 1710 1263 quis

219 1276 462 1318 musicam
495 1271 724 1318 docuerit
754 1269 1178 1332 Epaminondam,
1212 1275 1302 1314 aut
1333 1271 1384 1314 in
1418 1271 1524 1314 eius
1556 1270 1711 1313 Virtu-

220 1341 356 1387 tibus
398 1340 797 1392 commemorari,
838 1336 1048 1383 saltasse
1091 1352 1207 1382 eum
1249 1335 1512 1381 commode
1553 1338 1712 1381 scien-

171 1413 196 1452 2
221 1409 402 1469 terque
420 1406 555 1452 tibiis
574 1411 820 1451 cantasse.
890 1402 991 1450 Sed
1007 1402 1059 1449 hi
1078 1409 1227 1449 erunt
1244 1401 1351 1448 fere
1370 1405 1455 1465 qui
1474 1408 1711 1464 expertes

221 1474 507 1521 litterarum
573 1472 882 1518 Graecarum
946 1469 1071 1516 nihil
1135 1476 1349 1525 rectum,
1414 1471 1509 1515 nisi
1575 1468 1712 1531 quod

171 1549 196 1589 3
220 1545 441 1604 ipsorum
478 1540 699 1585 moribus
737 1540 1022 1593 conveniat,
1059 1537 1333 1600 putabunt.
1403 1535 1471 1582 Hi
1509 1538 1549 1582 si
1587 1535 1713 1582 djdi-

221 1612 383 1655 cerint
438 1624 539 1653 non
595 1606 775 1653 eadem
830 1606 1061 1664 omnibus
1119 1620 1228 1650 esse
1283 1602 1499 1650 honesta
1554 1609 1711 1665 atque

222 1679 407 1737 turpia,
447 1674 537 1720 sed
575 1676 743 1720 omnia
779 1675 1025 1718 maiorum
1063 1674 1311 1718 institutis
1349 1670 1575 1725 iudicari,
1612 1686 1713 1716 non

224 1742 607 1790 admirabuntur
629 1757 718 1787 nos
741 1742 793 1785 in
816 1739 1082 1786 Graiorum
1105 1739 1376 1785 virtutibus
1401 1736 1712 1799 exponendis

173 1818 387 1856 4mores
440 1825 613 1855 eorum
665 1814 880 1854 secutos.
951 1806 1131 1868 Neque
1184 1808 1319 1851 enim
1371 1804 1566 1851 Cimoni
1616 1802 1715 1850 fuit

225 1885 391 1939 turpe,
448 1874 840 1922 Atheniensium
896 1890 1091 1919 summo
1148 1876 1270 1928 viro,
1326 1888 1546 1918 sororem
1602 1887 1715 1934 ger-

224 1960 427 1990 manam
473 1942 661 1989 habere
707 1945 758 1987 in
802 1943 1142 1996 matrimonio,
1189 1943 1377 2002 quippe
1422 1955 1537 1985 cum
1582 1941 1715 1984 cives

226 2015 332 2058 eius
357 2010 536 2057 eodem
559 2016 827 2056 uterentur
847 2011 1113 2062 instituto;
1154 2014 1208 2053 at
1229 2006 1282 2053 id
1304 2005 1510 2068 quidem
1532 2008 1715 2052 nostris

225 2078 446 2124 moribus
490 2076 632 2123 nefas
676 2075 909 2122 habetur.
979 2074 1143 2121 Laudi
1185 2077 1237 2120 in
1281 2073 1473 2119 Creta1
1516 2072 1717 2118 ducitur

227 2144 617 2192 adulescentulis
669 2159 822 2207 quam
871 2141 1110 2205 plurimos
1160 2139 1396 2187 habuisse
1446 2145 1714 2186 amatores.

523 2271 539 2295 1
568 2270 710 2317 Creta,
742 2268 1016 2316 Valckenaer3
1058 2268 1252 2314 Graecia,
1277 2265 1412 2306 MSS.

281 2402 297 2425 1
325 2401 404 2441 See
423 2413 496 2439 xv.
517 2401 556 2439 2.
615 2399 669 2439 In
686 2399 762 2439 the
780 2398 918 2438 Notes
937 2398 1025 2437 and
1042 2397 1183 2437 Index
1200 2396 1276 2437 the
1294 2395 1423 2435 Lives
1441 2407 1514 2434 are
1528 2394 1718 2435 referred

222 2461 270 2495 to
280 2455 354 2532 2by
377 2453 576 2547 nlunssber‘

326 2521 368 2548 v.
425 2538 432 2547 .
489 2538 499 2547 .

234 2587 326 2646 368
