1802 2942
667 152 1062 201 CORNELIUS
1106 151 1328 200 NEPOS

243 282 394 328 rebus
453 298 577 343 quas
634 281 932 343 impendere
988 283 1091 327 iam
1148 281 1431 342 apparebat
1487 280 1735 327 omnibus.

246 358 591 404 Imminebant
607 362 742 404 enim
758 357 1014 414 Seleucus,
1032 357 1380 420 Lysimachus,
1395 356 1736 414 Ptolemaeus,

244 437 422 498 opibus
446 438 549 481 iam
573 435 820 491 valentes,
845 452 961 481 cum
986 436 1167 498 quibus
1194 438 1240 481 ei
1265 435 1329 482 de
1355 437 1561 481 summis
1585 435 1736 482 rebus

193 523 220 560 4
244 520 354 560 erat
389 513 747 559 dimicandum.
815 511 917 559 Sed
952 529 1053 559 non
1088 515 1223 575 passi
1259 519 1378 559 sunt
1413 515 1448 558 ii
1485 514 1571 575 qui
1607 515 1737 560 circa

243 598 409 646 erant,
445 590 581 653 quod
616 590 860 637 videbant
894 590 1126 636 Eumene
1161 597 1369 651 recepto
1405 605 1580 636 omnes
1614 606 1737 652 prae

241 668 326 715 illo
355 671 496 730 parvi
527 666 740 714 futuros.
808 667 925 729 Ipse
957 675 1131 713 autem
1155 668 1443 730 Antigonus
1469 667 1597 714 adeo
1627 675 1738 715 erat

242 749 493 801 incensus,
516 752 575 791 ut
597 748 693 791 nisi
714 761 902 808 magna
924 761 1014 808 spe
1044 748 1380 791 maximarum
1402 761 1572 791 rerum
1592 744 1738 791 leniri

245 841 346 870 non
367 830 556 885 posset.

309 900 390 949 11.
429 900 613 963 Itaque
632 917 747 946 cum
768 916 885 946 eum
903 903 955 946 in
974 900 1256 947 custodiam
1276 900 1502 947 dedisset
1521 906 1575 946 et
1592 916 1737 962 prae-

242 978 408 1025 fectus
433 978 701 1024 custodum
727 981 1026 1040 quaesisset,
1052 994 1206 1040 quem
1231 977 1296 1024 ad
1319 977 1527 1024 modum
1551 980 1737 1024 servari

243 1056 416 1111 vellet,
448 1055 475 1070 “
502 1054 576 1101 Ut
607 1054 959 1110 acerrimum,''
989 1058 1173 1118 inquit,
1206 1054 1458 1101 “leonem
1489 1061 1580 1101 aut
1607 1053 1738 1101 fero-

243 1137 497 1181 cissimum
542 1132 873 1195 elephantum
896 1131 954 1189 ”3
1015 1133 1241 1179 nondum
1286 1135 1422 1179 enim
1465 1139 1736 1189 statuerat,

194 1218 219 1256 2
241 1217 563 1258 conservaret
589 1227 706 1256 eum
732 1226 909 1256 necne.
977 1210 1232 1257 Veniebat
1258 1217 1433 1256 autem
1460 1210 1526 1257 ad
1549 1210 1737 1257 Eume-

243 1306 362 1336 nem
381 1295 655 1350 utrumque
676 1304 837 1351 genus
856 1287 1136 1343 hominum,
1158 1294 1212 1334 et
1232 1290 1319 1350 qui
1336 1294 1547 1350 propter
1565 1288 1736 1334 odium

241 1366 466 1413 fructum
501 1365 655 1412 oculis
694 1382 757 1411 ex
795 1368 902 1411 eius
939 1381 1058 1412 casu
1094 1381 1277 1427 capere
1314 1364 1522 1421 vellent,
1559 1372 1614 1412 et
1649 1369 1736 1428 qui

242 1451 452 1508 propter
507 1450 736 1489 veterem
795 1445 1069 1489 amicitiam
1126 1442 1341 1505 colloqui
1391 1441 1736 1506 consolarique

243 1528 507 1584 cuperent,
539 1520 688 1566 multi
720 1523 894 1576 etiam,
928 1523 1014 1583 qui
1048 1523 1153 1566 eius
1186 1519 1401 1566 formam
1433 1536 1736 1584 cognoscere

243 1600 540 1654 studebant,
569 1598 729 1661 qualis
757 1605 893 1645 esset
921 1615 1074 1661 quem
1101 1606 1209 1644 tam
1237 1598 1324 1645 diu
1351 1604 1561 1660 tamque
1589 1597 1735 1645 valde

241 1680 550 1732 timuissent,
569 1679 708 1723 cuius
727 1679 780 1722 in
798 1679 1021 1739 pernicie
1039 1678 1259 1738 positam
1278 1692 1421 1738 spem
1439 1674 1737 1724 habuissent

242 1757 498 1801 victoriae.

192 1840 218 1880 3
305 1833 378 1878 At
401 1831 676 1886 Eumenes,
700 1847 815 1877 cum
840 1831 1029 1877 diutius
1056 1833 1106 1876 in
1130 1830 1302 1876 vinclis
1329 1836 1482 1886 esset,
1502 1832 1575 1877 ait
1599 1829 1736 1877 Ono-

242 1908 464 1964 marcho,
491 1925 649 1970 penes
681 1925 834 1971 quem
865 1925 1062 1955 summa
1090 1910 1288 1970 imperii
1319 1914 1430 1954 erat
1457 1908 1736 1965 custodiae,

245 2004 298 2034 se
335 1990 505 2032 mirari
544 2003 644 2048 qua
680 2002 735 2032 re
773 1989 874 2032 iam
911 1989 1123 2032 tertium
1162 1986 1298 2032 diem
1336 1988 1405 2032 sic
1442 1991 1736 2041 teneretur3

243 2082 345 2111 non
390 2067 525 2110 enim
568 2063 663 2110 hoc
708 2066 975 2110 convenire
1019 2063 1267 2126 Antigoni
1311 2062 1633 2125 prudentiae,
1676 2069 1736 2110 ut

244 2146 313 2189 sic
335 2142 636 2188 deuteretur
657 2144 789 2188 victo
809 2141 854 2187 1:
896 2144 1018 2204 quin
1041 2147 1131 2187 aut
1152 2140 1368 2186 interfici
1404 2147 1494 2186 aut
1527 2143 1735 2187 missum

191 2226 219 2264 4
243 2219 350 2265 fieri
392 2219 608 2265 iuberet.
677 2218 774 2265 Hic
816 2235 932 2265 cum
975 2217 1189 2264 ferocius
1235 2216 1554 2265 Onomarcho
1597 2217 1735 2280 loqui

243 2297 519 2351 videretur,
570 2295 598 2311 “
622 2295 792 2354 Quid?
858 2294 988 2350 Tu,'’
1039 2298 1223 2358 inquit,
1275 2293 1303 2311 “
1327 2297 1494 2341 animo
1546 2297 1587 2341 si
1636 2297 1734 2341 isto

247 2389 374 2429 eras,
415 2390 503 2420 cur
543 2390 645 2419 non
685 2376 737 2418 in
778 2372 968 2435 proelio
1010 2373 1237 2419 cecidisti
1277 2374 1447 2435 potius
1489 2388 1642 2435 quam
1681 2374 1734 2418 in

677 2493 695 2518 ¹
724 2496 920 2533 uteretur
940 2492 1128 2540 devicto,
1149 2492 1193 2532 N
1196 2492 1287 2544 ipp.

247 2584 334 2632 592
