1802 2942
582 187 634 233 L.
687 183 1021 231 ANNAEUS
1071 182 1341 230 FLORUS

493 356 663 402 VIIII.
716 356 915 401 BELLVM
954 353 1123 399 ClvnAE
1159 352 1441 399 MARIANVM

140 473 207 514 111,
225 455 282 504 21
324 455 438 500 Hoc
474 454 650 500 deerat
690 469 848 498 unum
880 451 1052 513 populi
1084 450 1295 495 Romani
1327 449 1487 506 malis,
1522 454 1581 495 ut
1610 451 1710 494 iam

225 528 332 585 ipse
368 526 500 567 intra
536 537 588 566 se
624 518 919 581 parricidale
955 518 1118 564 telum
1154 517 1290 562 domi
1328 520 1621 578 stringeret,
1655 522 1711 563 et

227 594 279 636 in
327 590 449 635 urbe
497 587 664 634 media
710 603 767 632 ac
825 585 933 631 foro
979 588 1120 647 quasi
1179 584 1368 630 harena
1415 587 1547 629 cives
1595 598 1711 628 cum

172 666 196 703 2
227 658 414 703 civibus
431 658 530 702 suis
556 654 852 716 gladiatorio
872 668 1010 698 more
1035 657 1408 697 concurrerent.
1459 650 1712 712 Aequiore

228 728 394 769 animo
440 729 714 783 utcumque
769 719 971 776 ferrem,
1019 723 1059 765 si
1105 718 1274 780 plebei
1320 718 1474 763 duces
1522 723 1624 774 aut,
1673 719 1714 762 si

228 790 438 846 nobiles,
475 789 593 834 mali
636 788 815 833 saltem
851 786 1091 832 ducatum
1128 784 1305 831 sceleri
1346 785 1709 846 praebuissent.

227 858 355 903 Tum
383 871 660 917 vero—pro
695 854 1044 915 facinus—qui
1070 853 1190 898 viri!
1228 855 1314 914 qui
1349 855 1679 913 imperatores
1703 851 1712 896 !

228 925 410 971 decora
450 930 504 970 et
545 928 841 968 ornamenta
879 919 1064 967 saeculi
1107 922 1200 977 sui,
1238 919 1425 964 Marius
1464 924 1518 965 et
1559 917 1713 974 Sulla,

229 995 445 1054 pessimo
514 988 721 1035 facinori
786 1004 926 1035 suam
985 990 1139 1034 etiam
1208 986 1515 1048 dignitatem
1572 1001 1714 1047 prae-

229 1061 460 1105 buerunt.

176 1134 201 1173 3
300 1126 496 1171 Bellum
531 1123 676 1169 civile
711 1122 994 1168 Marianum
1027 1125 1130 1167 sive
1166 1119 1430 1167 Sullanum
1457 1120 1634 1174 tribus,
1658 1124 1717 1164 ut

234 1197 303 1240 sic
349 1193 577 1247 dixerim,
616 1190 861 1236 sideribus
903 1191 1151 1251 agitatum
1191 1194 1281 1234 est.
1357 1187 1579 1233 Primum
1617 1186 1718 1232 levi

233 1267 285 1306 et
321 1259 517 1304 modico
552 1257 776 1304 tumultu
811 1255 1010 1318 magis1
1045 1271 1194 1318 quam
1231 1254 1382 1312 bello,
1417 1258 1550 1300 intra
1583 1257 1717 1315 ipsos

178 1336 204 1372 4
238 1327 503 1373 dumtaxat
535 1340 785 1370 armorum
821 1323 975 1369 duces
1000 1324 1306 1369 subsistente
1331 1325 1567 1376 saevitia3
1602 1336 1719 1366 mox

236 1397 452 1440 atrocius
502 1399 555 1439 et
613 1394 886 1446 cruentius,
934 1406 1025 1452 per
1071 1393 1225 1451 ipsius
1276 1392 1466 1435 viscera
1515 1393 1718 1434 senatus

178 1470 203 1507 5
235 1466 493 1524 grassante
531 1463 736 1505 victoria
757 1475 769 1514 ;
820 1457 999 1503 ultimo
1037 1473 1139 1503 non
1182 1458 1387 1501 civicam
1427 1454 1594 1512 modo,
1631 1454 1718 1500 sed

235 1527 472 1574 hostilem
520 1542 719 1588 quoque
778 1526 968 1571 rabiem
1027 1539 1405 1585 supergressum
1464 1529 1558 1579 est,
1606 1537 1719 1567 cum

236 1610 485 1641 armorum
532 1594 668 1639 furor
708 1596 865 1639 totius
914 1591 1091 1637 Italiae
1133 1591 1319 1636 viribus
1355 1593 1617 1645 niteretur,
1659 1604 1720 1635 eo

236 1678 392 1724 usque
419 1661 544 1706 odiis
570 1657 946 1716 saevientibus,2
970 1658 1132 1704 donee
1157 1657 1396 1704 deessent
1415 1660 1500 1719 qui
1525 1655 1720 1703 occide-

237 1737 423 1776 rentur.

184 1804 209 1843 6
306 1796 513 1841 Initium
539 1801 593 1840 et
626 1809 771 1839 causa
803 1793 925 1839 belli
949 1791 1270 1853 inexplebilis
1298 1791 1546 1837 honorum
1573 1790 1720 1835 Marii

238 1863 413 1918 fames,
460 1862 580 1907 dum
627 1861 885 1907 decretam
933 1859 1101 1906 Sullae
1150 1861 1456 1920 provinciam
1505 1856 1723 1918 Sulpicia

237 1931 352 1992 lege
389 1929 636 1975 sollicitat.
710 1927 812 1974 Sed
846 1930 1099 1988 inpatiens
1131 1929 1341 1971 iniuriae
1377 1928 1548 1971 statim
1586 1923 1723 1970 Sulla

239 1998 464 2059 legiones
490 1998 801 2057 circumegit,
817 1994 1075 2056 dilatoque
1102 1992 1402 2039 Mithridate
1429 1991 1688 2054 Esquilina
1704 1990 1725 2020 3

298 2124 312 2148 ¹
344 2125 479 2174 magis
500 2124 670 2172 scripsit
702 2122 863 2161 maiore
883 2122 992 2161 codd.

298 2178 314 2202 ²
344 2183 570 2229 peractum
592 2184 659 2216 est
673 2181 762 2226 post
782 2174 1080 2215 saevientibus
1101 2174 1196 2214 add.
1223 2174 1275 2213 B.

296 2233 312 2256 ³
344 2231 604 2270 Mithridate
654 2230 883 2281 Esquilina
929 2229 1087 2269 Rehd.:
1146 2226 1425 2267 mithridates
1473 2226 1612 2279 quilla
1658 2226 1723 2265 B:

244 2286 503 2325 mithridate
532 2283 694 2336 escylia
722 2285 780 2323 N.

300 2433 316 2458 ²
346 2436 414 2474 i.e.
440 2433 540 2472 falls
570 2434 665 2471 into
694 2431 818 2471 three
842 2431 1015 2483 periods
1041 2430 1086 2470 of
1109 2436 1243 2470 stress
1267 2429 1354 2469 and
1373 2435 1522 2477 storm,
1547 2429 1623 2468 the
1643 2429 1729 2468 rise

247 2487 290 2527 of
311 2488 476 2526 certain
497 2485 841 2534 constellations‚
864 2486 970 2524 such
999 2497 1044 2524 as
1075 2486 1290 2524 Arcturus
1311 2483 1396 2523 and
1418 2484 1493 2523 the
1516 2482 1722 2531 Pleiades,

243 2541 372 2593 being
392 2540 639 2593 proverbial
658 2539 726 2579 for
743 2540 1018 2591 occasioning
1036 2542 1259 2590 tempests.

248 2620 342 2675 246
