1747 2912
85 431 133 470 17

87 917 136 956 18

88 1404 136 1444 19

88 2206 141 2246 20

544 138 599 185 L.
651 137 984 184 ANNAEUS
1034 137 1302 185 FLORUS

170 267 341 328 Atque
387 265 474 311 ille
521 282 611 326 per
651 265 818 312 media
860 265 1082 311 hostium
1122 265 1228 312 tela
1267 265 1533 311 incolumis
1579 281 1657 312 re-

169 344 368 405 ligionis
392 343 577 389 auxilio
602 343 785 389 redivit
816 346 1159 405 propitiosque
1184 342 1305 389 deos
1330 346 1656 390 renuntiavit.

170 424 450 470 Novissime
485 440 597 469 cum
629 427 728 469 iam
760 423 952 469 obsidio
989 440 1076 470 sua
1113 424 1347 470 barbaros
1380 423 1659 485 fatigasset,
1746 473 1747 478 ¹

170 505 308 551 mille
334 505 502 567 pondo
538 508 644 550 auri
681 521 936 551 recessum
972 521 1117 551 suum
1141 504 1482 561 venditantes,
1506 504 1659 566 idque

169 590 334 647 ipsum
393 602 483 648 per
530 585 870 642 insolentiam,
918 602 1031 631 cum
1088 585 1152 631 ad
1209 589 1382 647 iniqua
1438 584 1662 646 pondera

170 666 344 712 addito
385 666 551 711 adhuc
593 666 761 728 gladio
800 667 1015 727 superbe
1052 670 1190 712 “vae
1233 664 1459 712 victis’'1
1500 669 1661 712 incre-

171 754 368 809 parent,
416 748 582 793 subito
641 747 907 808 adgressus
966 764 994 792 a
1051 753 1197 808 tergo
1252 746 1487 792 Camillus
1534 746 1662 793 adeo

173 828 372 885 cecidit,
403 834 460 873 ut
496 830 664 872 omnia
699 827 1049 873 incendiorum
1085 831 1298 889 vestigia
1335 827 1516 873 Gallici
1551 843 1662 873 san-

171 912 335 971 guinis
379 908 710 954 inundatione
754 907 965 954 deleret.
1039 908 1210 970 Agere
1251 911 1436 970 gratias
1478 908 1554 954 dis
1588 911 1661 953 in-

172 990 464 1036 mortalibus
498 994 606 1051 ipso
638 996 813 1036 tantae
851 989 1004 1036 cladis
1041 994 1244 1036 nomine
1280 990 1420 1036 libet.
1493 990 1664 1036 Pasto-

173 1089 283 1117 rum
310 1088 445 1117 casas
470 1075 602 1132 ignis
638 1071 740 1127 ille,
768 1078 821 1117 et
849 1071 1046 1116 flamma
1083 1078 1438 1133 paupertatem
1468 1071 1664 1117 Romuli

174 1152 449 1199 abscondit.
526 1152 825 1198 Incendium
850 1152 976 1198 illud
1003 1152 1124 1214 quid
1162 1156 1268 1214 egit
1303 1152 1457 1210 aliud,
1481 1155 1576 1198 nisi
1607 1159 1665 1199 ut

173 1234 427 1280 destinata
453 1233 713 1278 hominum
739 1250 795 1278 ac
821 1233 1031 1279 deorum
1067 1233 1319 1279 domicilio
1356 1236 1528 1279 civitas
1563 1250 1664 1279 non

174 1315 344 1361 deleta
392 1331 488 1360 nec
537 1315 732 1371 obruta,
773 1314 863 1360 sed
912 1317 1114 1375 expiata
1153 1318 1321 1375 potius
1365 1320 1419 1360 et
1453 1314 1665 1360 lustrata

175 1396 438 1442 videatur?
504 1396 666 1457 Igitur
683 1402 798 1457 post
814 1395 1067 1441 adsertam
1082 1412 1110 1440 a
1131 1393 1360 1451 Manlio,2
1377 1398 1663 1441 restitutam

175 1495 203 1523 a
245 1477 453 1522 Camillo
497 1478 672 1522 urbem
721 1480 880 1523 acrius
929 1480 1083 1523 etiam
1122 1476 1576 1539 vehementiusque
1611 1480 1664 1522 in

175 1558 413 1604 finitimos
439 1560 730 1606 resurrexit.

609 1773 752 1819 VIII.
796 1772 958 1818 BELLA
996 1772 1212 1818 GALLICA

245 1876 318 1921 Ac
338 1878 555 1936 primum
581 1877 804 1919 omnium
829 1873 968 1918 illam
994 1877 1153 1935 ipsam
1180 1872 1426 1923 Gallicam
1453 1878 1664 1935 gentem

176 1973 278 2002 non
304 1962 574 2002 contentus
610 1955 873 2000 moenibus
911 1954 1178 2016 expulisse,
1207 1970 1320 2000 cum
1345 1970 1436 2016 per
1463 1953 1663 2000 Italiam

177 2036 437 2098 naufragia
481 2052 567 2082 sua
614 2035 765 2082 latius
806 2035 1089 2092 traherent,
1126 2038 1194 2081 sic
1243 2040 1538 2096 persecutus
1587 2040 1666 2080 est

179 2118 307 2164 duce
357 2117 581 2171 Camillo,
629 2123 687 2163 ut
733 2116 885 2162 hodie
945 2115 1083 2162 nulla
1142 2115 1400 2162 Senonum
1452 2118 1666 2176 vestigia

180 2202 446 2260 supersint.
535 2197 702 2243 Semel
749 2196 882 2259 apud
936 2197 1189 2243 Anienem
1244 2195 1500 2252 trucidati,
1550 2212 1664 2242 cum

180 2279 419 2341 singulari
506 2280 781 2324 certamine
865 2277 1084 2323 Manlius
1156 2292 1363 2323 aureum
1432 2283 1665 2338 torquem

236 2385 252 2409 ¹
282 2384 468 2437 superbe
514 2387 637 2424 “vae
666 2385 798 2424 victis
816 2383 839 2402 ”
868 2385 1012 2424 Aldus
1043 2385 1108 2434 (cf.
1143 2385 1235 2424 Liv.
1271 2382 1321 2424 V.
1352 2384 1447 2433 48):
1487 2383 1666 2436 insuper

177 2440 308 2479 victis
338 2441 375 2478 B
391 2454 401 2478 ε
433 2437 617 2491 superbe
638 2438 767 2477 victis
787 2438 891 2478 NL.

235 2494 251 2518 ²
281 2506 305 2532 a
324 2493 486 2533 manlio
505 2494 567 2534 L:
598 2492 764 2532 amillio
782 2493 847 2533 B:
878 2505 903 2532 a
922 2491 1102 2531 manilio
1121 2492 1176 2534 N.

179 2561 242 2618 46
