1747 2912
539 186 593 234 L.
646 184 981 231 ANNAEUS
1032 183 1302 231 FLORUS

106 322 131 363 3
167 321 405 378 quattuor
463 315 722 375 agminum
781 315 924 373 signa
982 310 1274 357 volitabant.
1372 306 1651 355 Ciminius1

164 405 370 448 interim
409 399 564 447 saltus
612 403 665 445 in
713 398 898 456 mediO,
939 405 1059 444 ante
1106 400 1269 443 invius
1316 396 1466 458 plane
1512 398 1652 459 quasi

166 488 466 535 Caledonius
508 486 589 533 vel
640 486 946 548 Hercynius,
983 484 1111 531 adeo
1158 491 1269 531 tum
1315 486 1495 530 terrori
1527 488 1652 540 erat,

164 583 222 623 ut
259 581 463 622 senatus
505 573 698 620 consuli
733 573 1061 620 denuntiaret
1096 587 1161 618 ne
1197 577 1398 618 tantum
1445 569 1654 633 periculi

104 673 131 709 4
167 663 365 725 ingredi
407 661 632 708 auderet.
707 660 809 707 Sed
846 659 971 705 nihil
1015 659 1194 705 horum
1235 661 1418 705 terruit
1455 657 1653 714 ducem,

163 754 287 814 quin
311 749 466 796 fratre
492 751 763 810 praemisso
801 747 1087 809 exploraret
1121 761 1360 792 accessus.
1435 744 1528 791 Ille
1564 760 1656 806 per

164 844 367 884 noctem
426 835 665 898 pastorali
714 834 889 880 habitu
938 833 1226 896 speculatus
1274 835 1441 878 omnia
1498 830 1657 878 refert

105 934 130 971 5
167 932 336 972 tutum
370 928 479 970 iter.
555 922 637 969 Sic
676 922 857 968 Fabius
896 921 1145 967 Maximus
1181 920 1655 983 periculosissimum

165 1012 355 1059 bellum
411 1014 518 1057 sine
575 1009 798 1072 periculo
852 1008 1107 1071 explicuit.
1179 1007 1310 1053 Nam
1361 1007 1527 1053 subito
1580 1009 1656 1052 in-

166 1099 394 1147 conditos
455 1105 608 1160 atque
664 1096 880 1159 palantis
940 1095 1205 1158 adgressus
1265 1101 1342 1141 est
1397 1096 1656 1156 captisque

170 1187 507 1249 superioribus
555 1188 684 1246 iugis
722 1187 775 1229 in
823 1184 1074 1230 subiectos
1121 1198 1210 1229 suo
1257 1185 1364 1228 iure
1406 1181 1654 1230 detonuit.

108 1282 133 1321 6
169 1275 241 1320 Ea
281 1289 499 1336 namque
542 1275 735 1334 species
770 1270 868 1317 fuit
904 1270 1036 1316 illius
1073 1270 1211 1326 belli,
1251 1272 1390 1332 quasi
1424 1272 1478 1314 in
1512 1271 1658 1315 terri-

112 1369 135 1410 7
170 1378 327 1424 genas
374 1377 402 1407 e
452 1359 590 1406 caelo
643 1375 699 1404 ac
750 1359 968 1404 nubibus
1015 1357 1119 1404 tela
1175 1360 1475 1403 iacerentur.
1550 1356 1658 1402 Nec

167 1453 432 1495 incruenta
471 1454 643 1494 tamen
691 1446 776 1492 illa
822 1448 1042 1493 victoria.
1119 1444 1249 1490 Nam
1297 1460 1563 1506 oppressus
1603 1446 1658 1488 in

166 1540 278 1583 sinu
338 1535 479 1580 vallis
539 1534 668 1580 alter
727 1533 988 1579 consulum
1049 1531 1239 1578 Decius
1297 1547 1436 1578 more
1494 1533 1659 1592 patrio

168 1624 408 1670 devotum
452 1622 526 1668 dis
563 1622 793 1667 manibus
829 1620 1016 1682 optulit
1052 1625 1220 1681 caput,
1258 1618 1657 1680 sollemnemque

167 1711 385 1757 familiae
425 1725 542 1756 suae
591 1711 1021 1755 consecrationem
1063 1710 1113 1752 in
1159 1709 1396 1753 victoriae
1435 1708 1657 1768 pretium

169 1801 380 1861 peregit.

504 2007 650 2053 XIII.
724 2006 923 2053 BELLVM
961 2005 1296 2051 TARENTlNVM

82 2107 141 2154 18
247 2105 501 2158 SEQU1TUR
571 2104 761 2151 bellum
826 2104 1175 2161 Tarentinum,
1234 2118 1390 2148 unum
1450 2100 1655 2164 quidem

169 2193 320 2240 titulo
377 2199 432 2238 et
490 2195 710 2249 nomine,
772 2197 850 2238 set
905 2194 1113 2237 victoria
1169 2189 1449 2250 multiplex.
1542 2189 1658 2235 Hoc

171 2283 306 2326 enim
357 2280 650 2340 Campanos,
690 2278 881 2340 Apulos
929 2284 1082 2339 atque
1132 2277 1360 2322 Lucanos
1409 2282 1462 2321 et
1504 2282 1658 2338 caput

171 2367 291 2413 belli
329 2366 645 2423 Tarentinos,
683 2364 736 2411 id
775 2371 854 2412 est
894 2371 1055 2411 totam
1098 2364 1309 2420 Italiam,
1350 2369 1404 2409 et
1442 2379 1555 2408 cum
1597 2365 1657 2409 iis

171 2455 399 2500 omnibus
425 2452 683 2516 Pyrrhum,
713 2452 1039 2498 clarissimum
1065 2450 1306 2497 Graeciae
1340 2466 1532 2512 regem,
1556 2466 1658 2496 una

246 2551 263 2577 ยน
290 2552 530 2594 Ciminius:
560 2552 788 2604 Cyminius
808 2551 935 2591 Relwl.
958 2564 1069 2592 man.
1091 2564 1182 2591 sea:
1215 2550 1429 2603 geminius
1448 2549 1568 2589 BIN.

172 2611 233 2669 56
