1802 2942
598 161 653 206 L.
705 161 1040 226 ANNAEUS
1092 162 1361 209 FLORUS

186 297 210 337 3
234 287 427 335 cierat.1
510 289 611 335 Hic
660 305 776 336 vero
822 293 921 335 iam
967 306 1071 335 non
1089 289 1109 319 2
1162 294 1385 351 privatis,
1431 291 1519 338 sed
1565 297 1723 341 totius

233 363 436 402 senatus
462 356 704 417 suffragiis
728 356 1003 402 iudicatum
1030 357 1229 402 hostem
1257 358 1435 403 Caesar
1457 359 1722 421 adgressus

233 427 366 468 intra
438 423 669 469 Perusiae
738 440 904 469 muros
971 423 1206 485 redegit-‘³
1268 425 1596 488 conpulitque
1658 427 1723 474 ad

235 497 461 536 extrema
486 489 757 537 deditionis
782 494 918 553 turpi
945 497 998 537 et
1022 490 1148 536 nihil
1173 501 1276 537 non
1301 499 1511 554 experta
1534 493 1679 541 fame.

784 754 1157 801 vaiivanTvs

147 843 281 900 1111,ss
316 842 428 888 CUM
465 842 597 888 solus
631 845 783 888 etiam
818 846 979 903 gravis
1011 842 1163 904 paci,4
1190 846 1352 904 gravis
1387 846 1459 890 rei
1492 843 1723 906 publicae

236 917 369 955 esset
439 911 709 966 Antonius,
775 913 914 971 quasi
994 913 1124 972 ignis
1193 910 1430 956 incendio
1501 910 1724 973 Lepidus

233 980 454 1023 accessit.
531 976 703 1033 Quid5
745 983 919 1022 contra
966 976 1089 1022 duos
1139 977 1383 1032 consules,
1419 977 1544 1023 duos
1583 994 1724 1023 exer-

235 1045 396 1090 citus?
468 1044 688 1090 Necesse
721 1043 819 1089 fuit
851 1047 1023 1089 venire
1056 1048 1108 1089 in
1141 1047 1476 1090 cruentissimi
1509 1044 1725 1091 foederis

236 1114 543 1156 societatem.
615 1111 823 1156 Diversa
894 1114 1115 1156 omnium
1173 1117 1304 1167 vota,
1376 1118 1434 1157 ut
1502 1115 1719 1173 ingenia.

182 1183 208 1221 2
236 1178 485 1239 Lepidum
533 1177 819 1223 divitiarum
867 1178 1064 1239 cupido,
1104 1194 1313 1239 quarum
1352 1194 1466 1240 spes
1507 1185 1616 1224 erat
1662 1195 1725 1225 ex

237 1246 618 1306 perturbatione
659 1248 731 1290 rei
779 1245 1024 1305 publicae,
1062 1245 1342 1290 Antonium
1380 1245 1625 1291 ultionis⁶
1659 1245 1724 1291 de

235 1312 312 1357 his
360 1315 445 1374 qui
493 1327 546 1358 se
605 1311 804 1357 hostem
857 1311 1179 1369 iudicassent,
1227 1312 1489 1358 Caesarem
1534 1312 1725 1359 inultus

238 1385 382 1441 pater
430 1385 483 1424 et
530 1380 759 1424 manibus
819 1381 924 1423 eius
971 1394 1147 1440 graves
1195 1378 1389 1425 Cassius
1436 1386 1491 1425 et
1542 1380 1723 1426 Brutus

185 1452 210 1491 3
235 1447 510 1507 agitabant.
586 1445 646 1490 In
672 1445 767 1490 hoc
793 1444 932 1491 velut
956 1446 1132 1492 foedus
1158 1462 1254 1508 pax
1287 1449 1421 1491 inter
1444 1453 1547 1492 tres
1571 1446 1726 1493 duces

236 1517 549 1574 conponitur.
624 1511 776 1574 Apud
825 1512 1146 1559 Confluentes
1193 1516 1327 1559 inter
1375 1513 1631 1559 Perusiam
1673 1520 1728 1560 et

237 1580 512 1625 Bononiam
548 1583 768 1641 iungunt
800 1595 993 1636 manus,
1019 1587 1073 1626 et
1103 1584 1353 1626 exercitus
1392 1580 1722 1626 consalutant.

240 1647 390 1691 Nullo
417 1648 546 1692 bono
570 1664 708 1692 more
732 1649 1075 1692 triumviratus
1101 1647 1371 1703 invaditur,
1390 1663 1727 1709 oppressaque

237 1718 384 1759 armis
409 1730 462 1759 re
488 1714 687 1774 publica
707 1713 839 1759 redit
864 1713 1068 1759 Sullana
1091 1717 1405 1775 proscriptio,
1431 1718 1569 1760 cuius
1593 1721 1724 1760 atro-

237 1785 360 1826 citas
393 1780 517 1825 nihil
548 1776 830 1842 insignius⁷
864 1780 1018 1826 habet
1047 1797 1195 1843 quam
1224 1797 1491 1826 numerum
1521 1789 1727 1828 centum

186 1854 289 1893 4et
336 1847 670 1909 quadraginta
728 1854 1029 1896 senatorum.
1104 1848 1282 1893 Exitus
1329 1848 1482 1905 foedi,
1540 1855 1726 1905 truces,

236 1915 544 1961 miserabiles
591 1921 701 1960 toto
743 1921 990 1961 terrarum
1038 1915 1157 1960 orbe
1204 1913 1524 1976 fugientium.
1600 1914 1726 1972 Quis

235 1997 325 2043 pro
360 1982 666 2043 indignitate
700 1985 1029 2044 ingemescat,
1066 1997 1179 2027 cum
1220 1982 1474 2028 Antonius
1514 1981 1727 2028 Lucium

288 2088 303 2111 1
333 2102 454 2127 arma
483 2089 620 2127 cierat
646 2089 881 2140 Haupcius:
913 2089 958 2127 in
988 2101 1108 2127 arma
1135 2092 1420 2127 revocaverat
1438 2089 1504 2130 B:
1531 2088 1575 2128 in
1605 2101 1729 2128 arma

237 2143 349 2181 ierat
373 2142 461 2181 NL.

293 2196 309 2219 ²
336 2210 421 2234 non
441 2210 517 2236 om.
543 2197 592 2235 B.
943 2196 959 2220 ³
989 2194 1158 2247 redegit
1179 2194 1243 2235 L:
1271 2194 1435 2247 redigit
1458 2196 1505 2235 B.

291 2251 308 2274 ⁴
338 2251 483 2301 gravis
503 2250 600 2301 paci
621 2263 697 2289 om.
723 2251 772 2290 B.
943 2249 959 2273 ⁵
989 2249 1097 2301 quid
1121 2251 1353 2290 Graeviuse
1381 2250 1451 2288 eui
1472 2250 1522 2289 B.

294 2304 310 2328 ⁶
340 2304 546 2343 ultionis:
578 2304 790 2342 ultionem
812 2305 861 2344 B.

295 2358 310 2382 ⁷
339 2359 553 2408 insignius
573 2359 875 2397 Mommsenus:
909 2357 951 2396 in
973 2369 1019 2396 se
1036 2357 1181 2396 minus
1201 2357 1315 2397 codd.

292 2466 307 2490 ¹
340 2469 406 2505 i.e.
445 2466 546 2505 that
575 2465 620 2504 of
649 2465 723 2504 the
752 2466 958 2517 previous
988 2465 1268 2505 triumvirate
1299 2464 1344 2504 of
1373 2464 1520 2505 Julius
1550 2462 1746 2514 Caesar,'

237 2519 469 2570 Pompeius
489 2519 576 2559 and
596 2519 791 2560 Crassus.

235 2601 332 2646 304
