1802 2942
655 114 1049 162 CORNELIUS
1093 114 1314 163 NEPOS

184 252 209 291 3
233 249 494 290 currentes
555 243 683 289 tuba
737 245 1008 289 revocavit.
1095 242 1206 289 Hoc
1268 259 1428 305 usque
1492 259 1552 289 eo
1613 250 1726 290 tota

236 310 452 356 Graecia
479 308 616 355 fama
643 309 958 356 celebratum
988 317 1084 366 est,
1106 317 1165 356 ut
1191 309 1275 356 illo
1309 317 1449 356 statu
1483 309 1725 357 Chabrias

235 378 330 423 sibi
386 384 612 423 statuam
669 376 776 423 fieri
829 376 1061 432 voluerit,
1115 393 1246 439 quae
1303 377 1505 439 publice
1554 380 1600 423 ei
1661 378 1725 424 ab

234 443 634 490 Atheniensibus
659 447 711 489 in
735 442 843 490 foro
868 447 1149 490 constituta
1184 450 1277 490 est.
1304 444 1383 489 Ex
1408 460 1508 506 quo
1532 442 1725 490 factum

234 518 314 557 est
337 518 397 557 ut
418 518 600 573 postea
625 509 853 557 athletae
885 514 1147 573 ceterique
1176 510 1393 557 artifices
1419 514 1519 557 suis
1535 512 1556 542 1
1580 515 1725 563 stati-e

233 578 328 624 bus
369 579 459 623 in2
497 580 680 625 statuis
711 578 959 640 ponendis
991 585 1279 633 uterentur,
1313 594 1427 624 cum
1464 581 1725 624 victoriam

233 653 406 691 essent
430 645 622 707 adepti.

296 711 343 761 2.
381 711 623 758 Chabrias
652 718 826 758 autem
853 710 1016 757 multa
1042 714 1094 757 in
1122 711 1327 773 Europa
1352 711 1487 758 bella
1515 712 1725 758 admini-

232 782 429 835 stravit,
464 796 579 825 cum
614 779 718 825 dux
752 777 1145 825 Atheniensium
1180 785 1344 832 esset3
1396 781 1448 824 in
1482 779 1724 842 Aegypto

231 862 323 892 sua
390 853 572 907 sponte
640 849 814 909 gessit.
902 845 1034 891 Nam
1102 844 1423 891 Nectenebin
1492 846 1724 893 adiutum

181 919 204 956 2
227 912 503 975 profectus,
525 929 741 976 regnum
778 915 824 959 ei
859 915 1141 959 constituit.
1211 912 1354 959 Fecit
1385 912 1522 959 idem
1552 912 1724 976 Cypri,

231 980 323 1027 sed
338 980 539 1042 publice
557 981 621 1026 ab
638 979 1037 1026 Atheniensibus
1054 979 1322 1042 Euagorae
1340 980 1540 1026 adiutor
1556 980 1723 1036 datus,

231 1063 399 1109 neque
422 1051 559 1109 prius
579 1047 699 1094 inde
722 1048 969 1102 discessit,
992 1063 1145 1109 quarn
1167 1053 1332 1093 totam
1353 1046 1569 1093 insulam
1590 1046 1724 1093 bello

231 1114 552 1170 devinceret3
594 1131 695 1177 qua
719 1131 783 1160 ex
807 1130 861 1160 re
884 1113 1226 1160 Athenienses
1249 1131 1489 1176 magnam
1511 1113 1724 1177 gloriam

182 1189 205 1227 3
229 1188 348 1227 sunt
392 1182 582 1244 adepti.
669 1181 883 1227 Interim
926 1180 1117 1227 bellum
1160 1184 1294 1227 inter
1338 1182 1623 1243 Aegyptios
1669 1189 1724 1228 et

233 1248 410 1295 Persas
443 1247 718 1295 conflatum
752 1255 845 1294 est.
914 1247 1256 1294 Athenienses
1288 1265 1403 1294 cum
1435 1249 1723 1295 Artaxerxe

231 1319 532 1362 societatem
559 1314 839 1371 habebant,
870 1314 1261 1361 Lacedaemonii
1290 1332 1405 1361 cum
1434 1316 1723 1378 Aegyptiis,

232 1400 261 1428 a
309 1384 490 1445 quibus
537 1399 749 1446 magnas
796 1383 1011 1444 praedas
1059 1382 1346 1445 Agesilaus,
1392 1398 1483 1428 rex
1532 1399 1721 1438 eorum,

230 1448 469 1496 faciebat.
539 1449 600 1497 Id
648 1453 853 1496 intuens
904 1449 1165 1504 Chabrias,
1215 1466 1330 1495 cum
1379 1452 1432 1495 in
1480 1465 1536 1496 re
1585 1449 1724 1496 nulla

229 1517 469 1580 Agesilao
495 1517 722 1573 cederet,
748 1533 840 1563 sua
866 1524 1048 1578 sponte
1076 1533 1161 1562 eos
1189 1517 1422 1563 adiutum
1446 1515 1723 1578 profectus,

227 1585 522 1647 Aegyptiae
553 1584 698 1631 classi
729 1582 972 1646 praefuit,
1003 1584 1326 1646 pedestribus
1358 1586 1513 1646 copiis
1544 1584 1724 1647 Agesi-

227 1651 353 1697 laus.

290 1718 339 1768 3.
375 1718 505 1764 Tum
545 1717 794 1780 praefecti
834 1721 968 1781 regis
1011 1717 1196 1764 Persae
1236 1717 1435 1780 legatos
1475 1720 1724 1765 miserunt

229 1785 480 1841 Athenas,
516 1793 756 1848 questum
792 1785 929 1848 quod
966 1784 1208 1831 Chabrias
1244 1785 1513 1831 adversum
1546 1801 1724 1848 regern

227 1852 419 1899 bellum
456 1860 663 1915 gereret
699 1869 814 1899 cum
851 1853 1140 1915 Aegyptiis.
1207 1851 1550 1898 Athenienses
1586 1852 1724 1899 diem

229 1927 423 1966 certam
456 1919 706 1966 Chabriae
737 1922 1161 1981 praestituerunt,
1186 1935 1339 1981 quam
1369 1926 1491 1965 ante
1516 1919 1724 1966 domum

228 1990 322 2032 nisi
354 1987 587 2043 redisset,
620 1990 799 2049 capitis
833 2003 887 2033 se
919 1986 1060 2033 illum
1094 1986 1422 2032 damnaturos
1455 1986 1724 2033 denuntia-

229 2061 364 2100 runt.
434 2053 544 2100 Hoc
589 2053 673 2100 ille
719 2056 898 2100 nuntio
945 2052 1177 2100 Athenas
1222 2053 1392 2109 rediit,
1438 2068 1607 2116 neque
1652 2053 1723 2100 ibi

441 2180 458 2206 ²
487 2182 589 2228 suis,
615 2181 905 2221 Macfllichael
927 2180 1013 2221 and
1036 2180 1204 2220 Rubner
1229 2195 1240 2227 ;
1278 2180 1345 2227 iis,
1370 2179 1504 2219 MSS.

442 2235 458 2259 ²
486 2236 547 2281 in,
565 2235 696 2275 added
717 2235 763 2274 in
783 2248 825 2274 u.

293 2412 309 2435 1
339 2411 417 2451 See
436 2413 542 2451 xvii.
566 2414 603 2453 7.
624 2413 649 2450 2
670 2411 758 2451 and
780 2414 817 2451 8.
839 2413 878 2451 6.
937 2410 1028 2450 The
1048 2412 1272 2450 narration
1293 2411 1338 2450 of
1355 2414 1507 2451 events
1525 2411 1571 2450 in
1589 2413 1614 2451 2
1634 2410 1722 2459 and

235 2467 274 2506 3.
305 2466 323 2504 l
349 2466 384 2504 is
406 2465 613 2504 confused
632 2465 721 2504 and
739 2466 928 2506 inexact.

226 2543 318 2601 498
