1802 2942
590 114 985 163 CORNELIUS
1029 114 1251 163 NEPOS

721 264 814 311 XI.
852 262 1267 311 IPHICRATES

293 359 341 410 1.
378 359 659 423 Iphicrates
703 360 1031 408 Atheniensis
1075 378 1177 408 non
1219 368 1329 408 tam
1370 361 1724 425 magnitudine

231 451 400 481 rerum
424 442 686 498 gestarum
720 452 874 498 quam
906 434 1170 497 disciplina
1197 434 1404 481 militari
1426 434 1725 482 nobilitatus

232 516 326 555 est.
396 509 513 555 Fuit
540 511 675 555 enim
701 508 817 555 talis
844 508 966 564 dux,
992 515 1051 555 ut
1076 525 1178 555 non
1203 507 1366 555 solum
1391 511 1578 555 aetatis
1603 524 1725 556 suae

231 599 346 629 cum
372 585 544 644 primis
572 590 970 645 compararetur,
997 582 1089 629 sed
1115 598 1180 628 ne
1208 582 1273 629 de
1299 583 1573 629 maioribus
1599 590 1727 630 natu

182 663 206 700 2
231 657 438 719 quidem
472 660 740 720 quisquam
775 663 1191 719 anteponeretur.
1262 656 1489 703 Multum
1522 672 1642 703 vero
1674 659 1727 703 in

231 731 364 777 bello
403 737 481 777 est
516 738 764 787 versatus,
800 747 955 793 saepe
992 731 1299 778 exercitibus
1335 729 1577 793 praefuit,
1612 747 1729 777 nus-

233 821 386 867 quam
418 804 566 867 culpa
596 804 730 851 male
761 821 871 851 rem
902 808 1089 868 gessit;
1139 820 1342 867 semper
1372 804 1578 852 consilio
1608 807 1729 852 vicit

231 886 539 942 tantumque
571 895 630 926 eo
659 879 835 934 valuit,
865 886 924 927 ut
952 878 1116 925 multa
1142 881 1195 924 in
1223 894 1278 925 re
1306 878 1514 925 militari
1541 881 1729 942 partim

181 960 207 998 3
231 969 360 999 nova
388 952 638 1009 attulerit,
666 955 854 1015 partim
881 952 1091 999 meliora
1117 950 1314 999 fecerit.
1383 952 1618 1015 Namque
1645 952 1728 999 ille

233 1027 493 1090 pedestria
530 1044 671 1073 arma
706 1030 941 1074 mutavit.
1011 1026 1140 1073 Cum
1178 1033 1299 1073 ante
1336 1026 1479 1073 illum
1513 1029 1731 1089 impera-

232 1108 398 1148 torem
415 1105 647 1148 maximis
666 1101 857 1164 clipeis,
874 1102 1111 1147 brevibus
1129 1099 1307 1156 hastis,
1323 1103 1532 1148 minutis
1549 1101 1730 1164 gladiis

182 1183 208 1220 4
231 1182 517 1232 uterentur,
545 1176 628 1222 ille
660 1192 687 1222 e
716 1179 967 1222 contrario
995 1175 1191 1238 peltam
1218 1192 1309 1237 pro
1338 1191 1516 1237 parma
1542 1174 1731 1222 fecit—

234 1266 264 1296 a
300 1267 399 1312 quo
436 1257 617 1312 postea
652 1250 908 1312 peltastae
943 1249 1145 1312 pedites
1183 1249 1630 1312 appellantur—ut
1665 1249 1732 1298 ad

232 1332 401 1371 motus
435 1341 808 1387 concursusque
843 1331 1015 1370 essent
1046 1323 1277 1379 leviores,
1310 1323 1490 1371 hastae
1522 1324 1731 1371 modum

234 1399 528 1461 duplicavit,
589 1399 783 1462 gladios
843 1398 1095 1462 longiores
1155 1397 1294 1445 fecit.
1364 1398 1510 1445 Idem
1569 1415 1730 1461 genus

234 1472 501 1520 loricarum
562 1474 822 1521 mutavitl
875 1480 929 1519 et
986 1489 1077 1535 pro
1136 1475 1284 1518 sertis
1345 1479 1501 1535 atque
1560 1475 1731 1519 aeneis

232 1546 416 1594 linteas
457 1548 615 1594 dedit.
685 1547 798 1606 Quo
837 1546 974 1593 facto
1014 1546 1356 1609 expeditiores
1393 1545 1581 1593 milites
1618 1546 1733 1594 red-

235 1621 393 1676 didit;
452 1638 570 1667 nam
611 1621 837 1683 pondere
879 1621 1130 1676 detracto,
1171 1620 1308 1683 quod
1348 1635 1512 1682 aeque
1552 1636 1731 1683 corpus

233 1702 438 1757 tegeret
462 1702 514 1741 et
535 1695 648 1741 leve
673 1701 809 1741 esset
830 1697 1039 1740 curavit.

297 1767 346 1818 2.
383 1768 580 1815 Bellum
648 1785 763 1815 cum
829 1767 1138 1814 Thraecibus
1224 1769 1401 1830 gessit,
1467 1765 1732 1824 Seuthem,

235 1846 425 1888 socium
467 1842 878 1898 Atheniensium,
919 1845 971 1888 in
1011 1858 1227 1905 regnum
1267 1844 1511 1888 restituit.
1577 1841 1733 1904 Apud

237 1916 537 1964 Corinthum
582 1923 731 1963 tanta
776 1919 1052 1964 severitate
1099 1917 1345 1962 exercitui
1388 1913 1630 1978 praefuit,
1673 1923 1733 1963 ut

236 1990 405 2037 nullae
458 2008 702 2054 umquam
754 1993 807 2036 in
861 1989 1076 2036 Graecia
1127 2005 1296 2052 neque
1350 1992 1731 2036 exercitatiores

186 2069 211 2107 2
235 2067 410 2127 copiae
440 2080 608 2127 neque
638 2067 800 2127 magis
831 2063 968 2110 dicto
999 2063 1266 2110 audientes
1296 2061 1488 2110 fuerint
1517 2062 1651 2120 duci,
1679 2065 1733 2110 in

630 2182 648 2207 ²
676 2182 886 2229 mutavit,
905 2194 960 2229 u;
989 2180 1052 2222 the
1073 2180 1207 2221 MSS.
1229 2180 1344 2221 omit.

302 2311 318 2335 1
346 2310 435 2350 The
461 2311 618 2361 clipeus
656 2310 741 2349 and
767 2323 916 2360 parma
940 2323 1049 2349 were
1075 2309 1214 2349 round
1239 2309 1419 2356 shields;
1461 2309 1537 2349 the
1561 2309 1678 2360 pelte,
1704 2323 1730 2349 a

242 2364 366 2416 light,
405 2364 779 2416 crescent-shaped
823 2364 973 2403 shield.
1030 2363 1176 2415 Nepos
1220 2363 1479 2415 apparently
1514 2375 1611 2403 uses
1654 2376 1730 2414 pro

244 2431 406 2510 Ῥαζῃία,
417 2418 605 2511 {Instgad
618 2419 758 2511 οξὴᾳῖνο
777 2416 1224 2512 ςῑὶρεοὲὲεέτῒῒὴὲθεῖιῑςε
1239 2418 1285 2457 of
1302 2417 1379 2456 the
1398 2417 1674 2457 alliteration.

369 2485 398 2510 n
470 2485 491 2510 e
535 2474 639 2511 *orm
709 2484 765 2511 an
785 2484 887 2519 war,
1035 2483 1060 2511 o
1181 2481 1265 2511 ΒΩ.

239 2549 328 2594 492
