1802 2942
143 310 191 350 19

141 660 193 700 20

141 1009 193 1048 21

145 1620 197 1660 22

147 1797 199 1836 23

594 173 649 219 L.
701 172 1035 218 ANNAEUS
1086 171 1354 218 FLORUS

229 303 394 349 subito
435 301 655 347 Caesaris
690 304 886 362 impetu
925 315 1161 362 oppressa
1196 306 1326 345 sunt.
1404 299 1567 344 Prima
1601 298 1713 343 Ari-

229 393 366 436 mino
402 393 545 450 signa
583 391 890 433 cecinerunt.
967 386 1097 433 Tum
1134 386 1303 448 pulsus
1342 386 1543 432 Etruria
1572 385 1713 442 Libo,

229 477 435 524 Vmbria
459 476 722 532 Thermus,
761 475 1014 520 Domitius
1052 474 1280 520 Corfinio.
1352 473 1421 519 Et
1455 479 1715 534 peractum

231 570 338 610 erat
372 563 562 610 bellum
603 566 709 608 sine
751 565 1013 624 sanguine,
1050 565 1090 607 si
1128 561 1422 622 Pompeium
1463 560 1715 606 Brundisii

231 655 514 714 opprimere
567 653 827 712 potuisset.
921 649 988 694 Et
1043 655 1282 710 ceperat3
1345 647 1434 693 sed
1488 647 1574 694 ille
1627 663 1718 709 per

231 740 417 785 obsessi
444 738 659 783 claustra
685 744 858 798 portus
885 743 1132 783 nocturna
1156 736 1276 798 fuga
1308 738 1479 782 evasit.
1551 734 1718 797 Turpe

231 827 369 873 dictu
390 843 398 872 :
425 825 574 871 modo
593 829 824 886 princeps
850 831 1065 886 patrum,
1086 827 1220 885 pacis
1246 823 1468 885 bellique
1491 822 1719 868 modera-

231 921 327 970 tor,
363 929 453 974 per
493 911 863 973 triumphatum
907 928 935 959 a
973 927 1026 957 se
1068 927 1207 956 mare
1254 910 1420 957 lacera
1463 916 1517 956 et
1558 926 1720 971 paene

233 1004 409 1046 inermi
436 1016 562 1046 nave
589 999 832 1061 fugiebat.
907 998 1016 1044 Nec
1044 998 1254 1059 Pompei
1290 998 1352 1042 ab
1390 996 1537 1043 Italia
1572 1013 1722 1059 quam

233 1095 436 1135 senatus
459 1088 522 1133 ab
547 1087 671 1133 urbe
695 1086 815 1148 fuga
840 1089 1032 1148 turpior
1054 1086 1101 1132 :1
1138 1102 1288 1147 quarn
1312 1101 1474 1147 paene
1500 1101 1721 1141 vacuam,

235 1183 376 1222 metu
437 1175 615 1221 Caesar
667 1178 922 1236 ingressus
987 1173 1245 1219 consulem
1305 1188 1358 1219 se
1416 1175 1524 1234 ipse
1583 1171 1717 1218 fecit.

236 1264 501 1309 Aerarium
559 1278 760 1324 quoque
832 1267 1079 1317 sanctum,
1149 1260 1284 1323 quod
1349 1263 1465 1322 quia
1533 1259 1722 1305 tardius

234 1351 529 1412 aperiebant
591 1350 782 1395 tribuni
837 1352 981 1395 iussit
1037 1348 1251 1410 effringi,
1307 1363 1616 1409 censumque
1671 1353 1724 1392 et

235 1442 592 1501 patrimonium
656 1436 828 1499 populi
890 1437 1100 1482 Romani
1170 1442 1289 1482 ante
1349 1439 1517 1497 rapuit
1575 1450 1722 1498 quam

235 1529 513 1587 imperium.

307 1613 453 1659 Pulso
491 1613 768 1674 fugatoque
810 1613 1048 1674 Pompeio
1086 1612 1266 1658 maluit
1307 1615 1444 1674 prius
1493 1610 1724 1657 ordinare

237 1704 514 1763 provincias
535 1717 684 1762 quam
704 1704 868 1762 ipsum
893 1703 1049 1763 sequi.
1107 1699 1325 1746 Siciliam
1352 1706 1405 1745 et
1429 1699 1725 1756 Sardiniam,

236 1805 463 1834 annonae
501 1792 727 1850 pignera,
764 1804 855 1850 per
894 1788 1088 1849 legatos
1121 1787 1288 1833 habet.
1365 1787 1504 1832 Nihil
1541 1786 1725 1833 hostile

238 1883 347 1923 erat
388 1879 439 1921 in
485 1875 676 1930 Gallia;
713 1891 890 1937 pacem
927 1879 1034 1937 ipse
1078 1875 1282 1921 fecerat.
1357 1874 1459 1920 Sed
1499 1874 1563 1920 ad
1606 1874 1726 1920 His-

238 1966 503 2026 panienses
531 1963 738 2024 Pompei
764 1967 1013 2009 exercitus
1038 1965 1323 2009 transeunti
1347 1978 1438 2024 per
1463 1977 1574 2008 eam
1610 1961 1726 2008 duci

239 2057 407 2112 portas
467 2050 699 2096 claudere
747 2067 864 2097 ausa
928 2050 1147 2096 Massilia
1189 2056 1278 2096 est.
1373 2049 1558 2096 Misera
1603 2048 1724 2095 dum

239 2142 378 2200 cupit
413 2154 606 2200 pacem,
631 2137 752 2183 belli
788 2145 928 2184 metu
955 2142 1006 2183 in
1033 2137 1223 2183 bellum
1248 2136 1460 2192 incidit3
1497 2136 1585 2183 sed
1611 2141 1726 2199 'quia

238 2232 349 2272 tuta
408 2229 559 2271 muris
619 2232 743 2282 erat,
802 2229 932 2271 vinci
992 2242 1101 2272 eam
1161 2226 1255 2271 sibi
1312 2228 1456 2270 iussit
1511 2225 1724 2271 absenti.

420 2363 436 2388 ²
466 2363 569 2416 fuga
590 2364 762 2415 turpior
785 2365 1015 2403 Gruterus:
1050 2363 1231 2415 fugatur
1250 2363 1370 2415 prior
1391 2361 1526 2403 BNL.

711 2511 728 2535 ¹
764 2513 850 2551 For
871 2513 946 2552 the
966 2526 1071 2564 year
1091 2514 1142 2552 48
1164 2523 1247 2552 B.c.

243 2604 333 2648 ²72
