1747 2912
520 161 573 208 L.
623 159 956 206 ANNAEUS
1008 159 1277 207 FLORUS

547 319 679 365 XLI.
718 320 917 365 BELLVM
956 319 1232 365 PmmevM

70 454 135 496 ιιι,
152 439 179 486 6
230 437 447 484 lxmam
475 454 589 483 cum
614 437 827 499 populus
854 438 1105 483 Romanus
1130 453 1220 498 per
1255 436 1451 483 diversa
1481 443 1639 484 terra-

152 557 262 585 rum
287 539 542 586 districtus
572 546 664 596 est,
692 539 870 585 Cilices
906 542 1193 585 invaserant
1222 542 1377 584 maria
1409 538 1639 585 sublatis-

153 657 251 703 que
289 643 615 697 commerciis,
650 646 799 702 rupto
836 638 1042 686 foedere
1079 643 1279 701 generis
1315 639 1537 696 humani,
1571 641 1641 685 sic

102 748 127 787 2
150 746 305 787 maria
336 741 471 788 bello
505 745 643 803 quasi
673 747 982 803 tempestate
1013 740 1402 802 praecluserant.
1475 739 1642 786 Auda-

152 846 277 888 ciam
316 842 527 904 perditis
564 842 861 905 furiosisque
901 842 1179 889 latronibus
1217 843 1370 888 dabat
1415 845 1642 905 inquieta

153 943 511 991 Mithridaticis
570 943 770 1005 proeliis
819 944 954 1001 Asia,
1001 944 1123 989 dum
1181 945 1273 990 sub
1320 943 1473 990 alieni
1520 944 1641 990 belli

151 1044 375 1091 tumultu
412 1047 674 1106 exterique
711 1047 844 1106 regis
882 1044 1070 1090 invidia
1105 1048 1297 1106 inpune
1335 1050 1637 1106 grassantur.

99 1153 124 1193 3
149 1147 224 1191 Ae
272 1149 489 1207 primum
550 1145 679 1191 duce
731 1145 920 1191 Isidoro
968 1148 1197 1191 contenti
1246 1148 1471 1207 proximo
1518 1149 1642 1191 mari

154 1246 353 1293 Cretam
390 1249 524 1293 inter
555 1253 708 1308 atque
750 1246 968 1309 Cyrenas
1008 1252 1061 1292 et
1095 1245 1337 1291 Achaiam
1378 1249 1641 1309 sinumque

155 1348 395 1405 Maleum,
440 1347 576 1410 quod
633 1348 696 1393 ab
754 1347 923 1409 spoliis
975 1363 1183 1393 aureum
1244 1351 1339 1409 ipsi
1385 1364 1642 1406 vocavere,

102 1458 128 1495 4
151 1449 592 1496 latrocinabantur.
668 1449 951 1511 Missusque
976 1452 1027 1493 in
1049 1464 1132 1494 eos
1160 1448 1363 1494 Publius
1388 1447 1644 1508 Servilius,

154 1554 377 1613 quamvis
401 1550 538 1596 leves
565 1556 617 1596 et
641 1550 846 1611 fugaces
862 1566 1191 1612 myoparonas
1215 1553 1354 1610 gravi
1380 1556 1434 1596 et
1460 1550 1644 1597 Martia

101 1661 126 1698 5
154 1652 309 1698 classe
333 1652 577 1708 turbaret,
602 1667 703 1696 non
727 1654 992 1697 incruenta
1017 1654 1222 1697 victoria
1248 1657 1463 1712 superat.
1541 1651 1643 1698 Sed

153 1769 248 1799 nec
283 1756 406 1798 mari
443 1755 766 1798 summovisse
803 1758 1092 1809 contentus,
1127 1751 1452 1798 validissimas
1493 1754 1642 1799 urbes

154 1869 325 1900 eorum
363 1860 416 1899 et
462 1853 659 1899 diutina
698 1852 884 1915 praeda
921 1853 1255 1909 abundantes,
1293 1852 1543 1899 Phaselim
1591 1861 1645 1901 et

155 1955 431 2017 Olympum
467 1958 652 2001 evertit
688 1954 984 2016 Isaurosque
1019 1958 1176 2015 ipsam
1222 1970 1388 2000 arcem
1425 1954 1643 2012 Ciliciae,

153 2057 289 2103 unde
315 2061 540 2103 conscius
570 2057 664 2102 sibi
701 2060 871 2119 magni
903 2056 1085 2102 laboris
1126 2056 1329 2102 Isaurici
1362 2073 1643 2118 cognomen

105 2159 417 2204 6adamavit.
493 2157 608 2203 Non
656 2157 771 2204 ideo
829 2164 1003 2204 tamen
1054 2164 1133 2204 tot
1192 2157 1414 2203 cladibus
1465 2158 1642 2205 domiti

153 2266 288 2306 terra
346 2275 398 2305 se
459 2262 719 2305 continere
780 2265 1057 2320 potuerunt
1077 2275 1089 2314 3
1149 2258 1238 2305 sed
1285 2265 1342 2304 ut
1396 2259 1641 2321 quaedam

154 2359 399 2416 animalia,
426 2360 605 2420 quibus
630 2375 809 2421 aquam
843 2365 1131 2420 terramque
1161 2357 1414 2405 incolendi
1440 2363 1641 2420 gemina

154 2467 332 2506 natura
365 2467 457 2518 est,
497 2461 588 2506 sub
629 2464 737 2523 ipso
776 2460 932 2506 hostis
969 2476 1166 2507 recessu
1204 2463 1511 2521 inpatientes
1549 2461 1640 2508 soli

157 2583 249 2626 190
