1802 2942
122 587 169 625 13

122 921 171 958 14

123 1255 171 1294 15

124 1323 173 1361 16

125 1591 175 1631 17

126 1860 174 1898 18

566 182 622 230 L.
674 181 1007 229 ANNAEUS
1057 180 1327 229 FLORUS

205 311 393 373 pulsus,
417 316 619 373 poterat
653 309 813 356 videri
848 312 954 356 iure
991 325 1159 371 agere,
1184 312 1280 354 nisi
1316 325 1513 355 causam
1549 325 1687 355 suam

207 381 412 424 saevitia
449 383 805 438 corrumperet.
879 375 981 423 Sed
1018 392 1131 421 cum
1179 375 1255 422 dis
1302 375 1688 438 hominibusque

206 445 419 491 infestus
479 444 684 500 rediret,
732 446 904 490 statim
961 446 1122 505 primo
1168 446 1362 504 impetu
1421 442 1577 489 cliens
1636 449 1690 489 et

207 512 409 558 alumna
466 512 602 557 urbis
673 509 853 557 Ostia1
923 509 1142 556 nefanda
1209 515 1378 571 strage
1436 509 1685 571 diripitur.

208 579 328 624 Mox
375 582 427 624 in
475 578 652 624 urbem
695 577 1009 640 quadruplici
1054 579 1255 638 agmine
1297 579 1527 622 intratur.
1602 576 1689 621 Di-

209 650 367 691 visere
406 649 570 707 copias
608 645 784 701 Cinna,
819 644 1022 700 Marius,
1050 644 1224 699 Carbo,
1252 642 1514 689 Sertorius.
1590 644 1690 688 Hic

207 719 470 774 postquam
519 728 696 758 manus
753 714 914 757 omnis
963 711 1142 756 Octavi
1200 710 1409 772 depulsa
1469 710 1692 756 Ianiculo

210 786 302 836 est,
342 782 511 825 statim
553 779 618 824 ad
664 781 949 840 principum
992 778 1199 824 caedem
1248 781 1392 838 signo
1438 776 1557 823 dato
1604 777 1692 822 ali-

209 852 398 908 quanto
440 849 632 891 saevius
671 861 820 907 quam
859 844 939 891 vel
981 848 1033 889 in
1076 845 1260 890 Punica
1298 845 1420 889 urbe
1458 847 1687 890 saevitur.

208 913 387 959 Octavi
412 913 629 959 consulis
661 918 813 974 caput
849 928 937 973 pro
963 915 1134 958 rostris
1172 914 1455 972 exponitur,
1481 911 1693 957 Antonii

208 980 478 1026 consularis
536 983 589 1024 in
661 979 790 1024 Mari
849 982 1004 1040 ipsius
1069 982 1303 1024 mensis.⁴
1365 977 1545 1024 Caesar
1603 976 1694 1024 et2

209 1048 425 1093 Fimbria
449 1051 501 1092 in
526 1047 793 1108 penatibus
819 1045 1095 1092 domuum3
1130 1061 1329 1091 suarum
1356 1044 1691 1102 trucidantur,

210 1114 369 1160 Crassi
393 1120 537 1175 pater
563 1120 616 1159 et
653 1113 780 1158 filius
805 1116 854 1158 in
882 1119 1059 1159 mutuo
1083 1113 1211 1158 alter
1235 1112 1440 1158 alterius
1466 1118 1688 1174 aspectu.

212 1182 452 1226 Baebium
500 1187 653 1242 atque
714 1180 1055 1226 Numitorium
1103 1196 1193 1241 per
1249 1178 1474 1224 medium
1530 1178 1694 1224 forum

210 1252 324 1294 unci
366 1255 564 1294 traxere
607 1247 906 1294 carnificum.
999 1247 1204 1293 Catulus
1241 1263 1294 1292 se
1336 1249 1466 1307 ignis
1510 1245 1694 1292 haustu

209 1315 423 1361 ludibrio
462 1314 680 1360 hostium
713 1317 914 1360 exemit.
992 1313 1187 1360 Merula
1227 1312 1409 1359 flamen
1446 1312 1604 1359 Dialis
1641 1315 1695 1358 in

211 1382 456 1444 Capitolio
506 1381 635 1427 Iovis
684 1384 838 1443 ipsius
880 1381 1048 1427 oculos
1091 1397 1329 1427 venarum
1372 1395 1544 1426 cruore
1592 1395 1694 1426 res-

212 1453 381 1511 persit.
479 1448 759 1494 Ancharius
804 1452 913 1509 ipso
971 1448 1178 1494 vidente
1233 1447 1393 1492 Mario
1439 1446 1696 1493 confossus

215 1523 307 1573 est,
349 1519 464 1578 quia
511 1515 718 1561 fatalem
759 1515 896 1560 illam
944 1514 1136 1561 scilicet
1182 1530 1387 1560 manum
1433 1530 1536 1560 non
1583 1530 1696 1576 por-

213 1590 411 1629 rexerat
458 1583 713 1629 salutanti.
787 1583 930 1628 Haec
976 1588 1056 1628 tot
1098 1588 1301 1628 senatus
1347 1580 1525 1627 funera
1563 1584 1697 1627 intra

211 1650 454 1696 kalendas
481 1657 533 1696 et
569 1649 679 1696 idus
718 1649 934 1695 Ianuarii
968 1652 1154 1695 mensis
1179 1652 1393 1710 septima
1426 1647 1513 1693 illa
1549 1648 1697 1694 Marii

212 1734 431 1779 purpura
463 1717 620 1763 dedit.
694 1715 830 1773 Quid
878 1715 1104 1762 futurum
1140 1715 1252 1773 fuit,
1278 1719 1319 1762 si
1356 1732 1545 1761 annum
1579 1731 1696 1762 con-

212 1784 404 1830 sulatus
427 1783 722 1845 implesset?

280 1850 514 1912 Scipione
551 1851 888 1913 Norbanoque
911 1850 1196 1896 consulibus
1228 1852 1409 1895 tertius
1433 1848 1520 1895 ille
1547 1849 1698 1895 turbo

211 1918 366 1965 civilis
414 1921 636 1964 insaniae
684 1924 795 1964 toto
841 1917 1007 1963 furore
1056 1917 1308 1974 detonuit,
1344 1919 1532 1978 quippe
1582 1931 1697 1961 cum

529 2065 545 2090 ¹
575 2065 696 2105 urbis
717 2065 866 2106 Ostia:
898 2064 1000 2104 urbs
1022 2064 1143 2104 urbis
1161 2064 1307 2104 hostia
1327 2065 1376 2104 B.

529 2119 545 2145 ²
574 2119 733 2160 Caesar
753 2123 798 2159 et
818 2120 924 2159 NL:
955 2132 1128 2158 caesare
1148 2120 1197 2158 B.

530 2173 546 2197 ³
575 2174 783 2212 domuum
803 2174 1009 2213 Iahnius:
1040 2172 1193 2212 domus
1212 2173 1263 2212 B.

267 2365 283 2390 ²
310 2366 378 2405 πλε.
404 2364 572 2403 Marius
591 2362 677 2402 had
707 2362 803 2402 told
831 2363 898 2402 his
925 2362 1142 2402 followers
1171 2366 1219 2402 to
1247 2361 1329 2401 kill
1356 2374 1525 2414 anyone
1553 2361 1698 2401 whose

213 2419 354 2459 salute
375 2419 427 2457 hc
447 2417 524 2457 did
545 2422 623 2457 not
641 2420 806 2458 return.

263 2474 279 2497 ²
311 2474 361 2512 86
382 2483 464 2512 Ro.

267 2528 282 2552 ³
313 2527 364 2566 83
386 2536 469 2566 no,

216 2616 310 2663 250
