1802 2942
164 468 218 507 53

164 615 218 653 54

163 690 217 727 55

163 1058 217 1096 56

161 1355 214 1394 57

160 1503 214 1541 58

161 1725 214 1763 59

621 185 674 230 L.
727 184 1059 232 ANNAEUS
1111 185 1380 234 FLORUS

255 316 330 359 sui
367 312 533 374 gladio
570 312 848 359 trucidatus
892 314 983 359 sub
1019 312 1174 359 oculis
1213 317 1377 360 uxoris
1411 329 1529 360 suae
1558 313 1737 361 libero-

255 403 464 448 rumque
497 393 789 432 moreretur.

322 459 446 518 Quis
473 476 573 505 non
603 466 864 521 peractum
902 475 1011 506 esse
1049 476 1162 505 cum
1202 460 1440 522 Pompeio
1466 461 1735 507 crederet?

258 533 449 596 Atquin
488 537 647 579 acrius
684 533 844 579 multo
880 539 1032 595 atque
1076 533 1427 580 vehementius
1463 534 1735 581 Thessalici

255 607 475 653 incendii
513 610 708 653 cineres
746 607 1080 653 recaluerunt.
1157 609 1223 653 Et
1263 611 1315 652 in
1358 607 1597 670 Aegypto
1632 611 1739 670 qui-

255 681 371 727 dem
390 681 625 726 adversus
643 681 904 726 Caesarem
926 684 1032 726 sine
1050 682 1275 742 partibus
1295 680 1498 728 bellum.
1539 675 1740 744 Quippe

254 771 367 800 cum
410 754 741 810 Ptolemaeus,
780 771 866 800 rex
905 754 1259 812 Alexandriae,
1295 771 1545 801 summum
1583 756 1739 802 civilis

255 829 374 874 belli
422 828 583 875 scelus
632 832 913 890 peregisset
961 835 1014 875 et
1073 828 1251 875 foedus
1310 833 1565 876 amicitiae
1626 846 1740 876 cum

255 903 464 948 Caesare
511 903 680 948 medio
730 903 937 964 Pompei
977 906 1143 964 capite
1186 907 1450 961 sanxisset,
1493 904 1740 950 ultionem

253 977 509 1023 clarissimi
559 981 649 1023 viri
696 979 926 1023 manibus
975 977 1293 1039 quaerentel
1339 978 1561 1024 Fortuna
1595 995 1741 1025 causa

253 1068 354 1096 non
391 1051 568 1098 defuit.
645 1051 927 1112 Cleopatra,
954 1055 1086 1113 regis
1125 1068 1276 1109 soror,
1306 1051 1481 1098 adfusa
1517 1053 1740 1099 Caesaris

251 1126 465 1186 genibus
503 1131 699 1186 partem
737 1129 881 1187 regni
921 1126 1233 1186 reposcebat.
1307 1125 1502 1171 Aderat
1539 1126 1739 1187 puellae

253 1199 427 1255 forma,
474 1196 571 1263 [et]
621 1215 749 1260 quae
799 1198 1144 1260 duplicaretur
1193 1215 1253 1244 ex
1302 1199 1404 1256 illo,
1443 1199 1577 1260 quod
1624 1200 1738 1246 talis

252 1289 394 1334 passa
421 1272 687 1318 videbatur
714 1276 963 1329 iniuriam,
993 1273 1196 1325 <et>2
1214 1272 1382 1318 odium
1410 1276 1564 1334 ipsius
1589 1277 1737 1335 regis,

253 1350 338 1408 qui
391 1347 597 1408 Pompei
646 1346 893 1393 caedem3
943 1350 1162 1408 partium
1221 1346 1341 1403 fato,
1391 1363 1492 1392 non
1543 1347 1739 1393 Caesari

252 1421 478 1477 dederat,
524 1420 658 1466 haud
708 1420 860 1467 dubie
915 1420 1089 1467 idem4
1127 1424 1179 1466 in
1227 1424 1390 1482 ipsum
1437 1436 1660 1478 ausurus,
1698 1425 1738 1468 si

252 1494 429 1541 fuisset
467 1491 699 1540 occasio.5
781 1493 946 1551 Quam
985 1495 1070 1539 ubi
1121 1493 1300 1540 Caesar
1348 1497 1548 1540 restitui
1596 1497 1739 1540 iussit

251 1573 302 1614 in
340 1585 570 1629 regnum,
608 1572 780 1614 statim
816 1569 878 1613 ab
917 1568 1078 1614 isdem
1117 1569 1491 1629 percussoribus
1531 1567 1738 1630 Pompei

251 1644 478 1688 obsessus
527 1645 579 1687 in
628 1645 765 1704 regia
814 1645 1038 1704 quamvis
1083 1646 1264 1704 exigua
1312 1659 1463 1688 manu
1513 1645 1737 1704 ingentis

251 1720 499 1763 exercitus
523 1716 708 1761 molem
734 1720 858 1761 mira
877 1720 1065 1762 virtute
1091 1719 1343 1763 sustinuit.
1418 1716 1494 1761 Ac
1519 1719 1736 1777 primum

251 1793 587 1853 proximorum
624 1789 960 1835 aedificiorum
994 1796 1148 1851 atque
1185 1788 1475 1834 navalium⁶
1501 1788 1737 1834 incendio

252 1864 551 1911 infestorum
578 1864 798 1910 hostium
835 1863 938 1910 tela
975 1867 1262 1920 summovit,
1288 1879 1403 1909 mox
1440 1866 1492 1908 in
1529 1866 1736 1925 paenin-

251 1939 408 1986 sulam
432 1939 627 1983 Pharon
653 1939 846 1984 subitus
874 1941 1059 1992 evasit3
1096 1937 1215 1983 inde
1242 1936 1481 1999 depulsus
1506 1941 1560 1982 in
1583 1940 1737 1983 maria

250 2017 373 2059 mira
399 2012 643 2058 felicitate
669 2012 731 2057 ad
758 2014 1034 2073 proximam
1061 2010 1270 2056 classem
1297 2013 1538 2068 enatavit,
1558 2009 1736 2056 relicto

305 2113 322 2137 1
349 2113 563 2152 ultionem
601 2112 831 2151 clarissimi
869 2112 954 2150 viri
992 2110 1193 2150 manibus
1231 2113 1469 2161 quaerente
1503 2109 1731 2150 Fortuna:

252 2167 464 2206 ultionem
504 2165 816 2217 quaemanibus
861 2165 1090 2205 clarissimi
1128 2165 1212 2204 viri
1252 2164 1452 2203 omnibus
1494 2168 1733 2216 quaerente

252 2221 688 2324 fogtlgpagogforma
718 2274 805 2314 secl.
844 2277 880 2312 et
913 2277 1008 2312 ante
1034 2271 1183 2311 odium
1217 2272 1313 2311 add.
1345 2272 1586 2310 dubitanter
1613 2273 1730 2312 Ross-

254 2330 434 2368 bachius.

307 2383 323 2407 ³
355 2381 550 2433 Pompeii
572 2380 772 2420 caedem:
803 2381 1054 2432 pompeium
1082 2392 1229 2431 regem
1258 2379 1320 2418 B:
1351 2378 1552 2430 pompeio
1581 2377 1732 2418 aedem

254 2437 323 2477 N:
356 2437 546 2487 pompeii
568 2435 717 2474 cedem
737 2435 786 2474 L.

308 2490 325 2514 ⁴
352 2489 468 2528 idem
489 2503 565 2528 om.
591 2491 639 2527 Β.
791 2488 807 2513 ⁵
837 2487 995 2527 fuisset
1017 2487 1211 2527 occasio:
1244 2486 1404 2525 ruisset
1425 2485 1624 2525 hoccasio
1644 2485 1694 2526 B.

307 2543 322 2566 ⁶
353 2548 486 2595 atque
507 2542 729 2582 navalium
751 2555 828 2581 om.
851 2542 900 2581 B.

249 2609 345 2664 284
