1802 2942
618 127 1013 180 CORNELIUS
1058 126 1279 177 NEPOS

149 272 176 311 3
261 260 689 324 “Epaminondas
732 276 762 306 a
801 257 1057 305 Tbebanis
1097 262 1264 304 morte
1303 254 1552 303 multatus
1593 260 1690 310 est,

200 336 336 399 quod
378 351 462 381 eos
503 336 673 397 coegit
715 332 851 395 apud
893 331 1115 378 Leuctra
1154 345 1394 392 superare
1435 328 1692 375 Lacedae-

198 412 410 464 monios,
437 417 561 470 quos
590 413 711 453 ante
739 422 793 452 se
819 409 1182 468 imperatorem
1208 420 1359 450 nemo
1384 402 1692 449 Boeotorum

150 493 176 530 4
199 500 347 531 ausus
385 481 524 528 fuit1
563 484 788 543 aspicere
826 483 879 526 in
919 482 1044 535 acie,
1084 478 1323 542 quodque
1361 494 1462 524 uno
1500 475 1691 540 proelio

201 575 302 605 non
340 555 501 603 solum
539 554 740 601 Thebas
781 554 844 600 ab
883 555 1096 600 interitu
1133 555 1368 607 retraxit,
1406 551 1499 598 sed
1536 553 1693 597 etiam

199 635 486 679 universam
519 629 785 676 Graeciam
816 631 869 674 in
899 627 1194 675 libertatem
1225 626 1499 673 vindicavit
1529 640 1692 688 eoque

200 722 280 752 res
344 712 676 766 utrorumque
741 702 1001 764 perduxit,
1052 708 1112 748 ut
1175 699 1407 747 Thebani
1457 698 1694 762 Spartam

156 790 181 828 5
203 784 577 842 oppugnarent,
612 776 1004 823 Lacedaemonii
1036 777 1160 821 satis
1193 773 1464 830 haberent,
1497 776 1540 820 si
1570 772 1694 821 salvi

202 870 313 900 esse
359 858 586 914 possent,
633 866 802 917 neque
849 853 987 912 prius
1034 849 1226 896 bellare
1274 849 1477 895 destitit
1523 864 1694 911 quam,

204 928 444 975 Messene
466 927 726 980 restituta,
750 924 930 970 urbem
955 939 1130 970 eorum
1155 923 1416 970 obsidione
1439 919 1674 969 clausit.”

266 1001 410 1047 Haec
445 1016 560 1046 cum
596 999 826 1053 dixisset,
861 1000 988 1044 risus
1025 999 1251 1043 omnium
1286 1013 1402 1043 cum
1436 994 1695 1043 hilaritate

202 1082 403 1122 coortus
436 1080 532 1129 est,
563 1088 732 1135 neque
764 1074 1033 1135 quisquam
1063 1071 1218 1118 iudex
1243 1087 1393 1117 ausus
1427 1076 1507 1117 est
1537 1070 1602 1117 de
1633 1086 1694 1117 eo

203 1148 336 1196 ferre
393 1146 703 1210 suffragium.
770 1144 851 1192 Sic
909 1162 939 1192 a
994 1145 1179 1192 iudicio
1236 1147 1416 1207 capitis
1472 1147 1696 1191 maxima

203 1224 432 1271 discessit
454 1220 629 1284 gloria.

272 1296 321 1347 9.
358 1295 455 1342 Hic
487 1300 718 1341 extremo
749 1299 983 1355 tempore
1017 1295 1295 1354 imperator
1335 1292 1471 1355 apud
1504 1291 1696 1340 Manti-

204 1388 355 1418 neam
391 1386 506 1416 cum
545 1371 652 1414 acie
689 1371 940 1415 instructa
977 1367 1215 1413 audacius
1253 1370 1470 1414 instaret
1505 1365 1696 1424 hostes,

204 1448 436 1509 cognitus
456 1460 485 1488 a
504 1442 937 1497 Lacedaemoniis,
954 1441 1090 1504 quod
1106 1443 1159 1487 in
1177 1444 1324 1487 unius
1347 1444 1570 1504 pernicie
1589 1444 1696 1488 eius

205 1522 402 1583 patriae
439 1521 590 1563 sitam
634 1516 890 1578 putabant
927 1514 1164 1571 salutem,
1199 1518 1419 1561 universi
1452 1517 1505 1561 in
1539 1532 1696 1562 unum

205 1599 455 1656 impetum
495 1589 730 1637 fecerunt
768 1605 937 1652 neque
977 1591 1114 1651 prius
1156 1589 1510 1636 abscesserunt
1544 1606 1698 1652 quam

205 1684 392 1731 magna
415 1665 572 1712 caede
595 1663 872 1726 multisque
896 1666 1068 1710 occisis
1087 1662 1358 1709 fortissime
1381 1666 1548 1725 ipsum
1564 1664 1699 1727 Epa-

205 1741 499 1788 minondam
521 1744 857 1801 pugnantem,
875 1753 1022 1800 sparo
1042 1740 1236 1783 eminus
1254 1753 1566 1799 percussum,
1583 1754 1699 1784 con·-

158 1823 181 1861 2
205 1816 372 1862 cidere
412 1814 664 1859 viderunt.
732 1810 896 1857 Huius
936 1827 1055 1858 casu
1096 1810 1413 1874 aliquantum
1450 1812 1698 1859 retardati

208 1896 326 1936 sunt
355 1887 570 1941 Boeotii,
599 1900 767 1947 neque
797 1891 974 1931 tamen
1002 1887 1139 1947 prius
1169 1900 1343 1948 pugna
1373 1892 1700 1933 excesserunt

159 1972 183 2012 3
207 1979 360 2026 quam
399 1965 746 2023 repugnantes
789 1957 1137 2021 profligarunt.
1206 1959 1279 2005 At
1321 1958 1698 2021 Epaminondas

208 2053 323 2084 cum
352 2034 783 2081 animadverteret
809 2030 1128 2079 mortiferum
1157 2048 1211 2078 se
1240 2031 1418 2079 vulnus
1447 2036 1700 2096 accepisse

209 2109 476 2172 simulque,
524 2110 564 2154 si
611 2105 818 2162 ferrum,
866 2106 1003 2169 quod
1064 2121 1127 2152 ex
1179 2105 1350 2153 hastili
1395 2109 1448 2153 in
1493 2123 1700 2170 corpore

206 2188 539 2237 remanserat,
571 2183 895 2235 extraxisset,
927 2182 1147 2226 animam
1178 2182 1355 2226 statim
1386 2182 1702 2238 emissurum,

209 2272 370 2320 usque
416 2272 476 2303 eo
520 2257 750 2309 retinuit,
796 2253 965 2316 quoad
1007 2256 1358 2301 renuntiatum
1404 2261 1483 2301 est
1526 2256 1702 2302 vicisse

209 2331 461 2378 Boeotios.
530 2328 590 2376 Id
641 2335 913 2390 postquam
966 2327 1176 2383 audivit,
1229 2326 1257 2343 “
1281 2326 1468 2384 Satis,”
1518 2330 1702 2392 inquit,

546 2465 563 2491 ²
593 2466 665 2512 sit,
686 2464 838 2512 Halm3
876 2468 956 2512 est,
978 2464 1063 2505 cod.
1086 2463 1139 2504 M
1141 2464 1352 2506 arcianue.

213 2547 303 2608 546
