1802 2942
117 291 168 330 92

117 602 170 642 93

118 757 171 796 94

121 990 174 1031 95

570 156 626 204 L.
679 155 1013 203 ANNAEUS
1062 154 1331 203 FLORUS

205 301 294 347 pro
313 288 483 330 rostris
506 284 570 329 ab
596 284 820 330 Antonio
845 282 1049 329 consule
1076 286 1221 344 regni
1245 286 1474 344 insignia.
1547 283 1692 342 Quae

206 366 373 408 omnia
407 362 548 408 velut
588 361 776 407 infulae
818 365 871 406 in
911 360 1215 406 destinatam
1255 364 1403 406 morti
1437 364 1692 407 victimam

208 440 622 501 congerebantur.
698 438 900 500 Quippe
944 437 1266 484 clementiam
1303 441 1539 499 principis
1573 442 1694 485 vicit

206 517 409 574 invidia,
456 520 719 579 gravisque
779 523 887 562 erat
945 515 1115 561 liberis
1173 518 1280 577 ipsa
1336 515 1693 563 beneficiorum

205 598 447 657 potentia.
523 594 631 640 Nec
689 594 877 640 diutius
937 591 1074 638 lata1
1135 592 1412 639 dominatio
1464 600 1558 650 est,
1604 593 1693 640 sed

208 673 393 719 Brutus
410 679 464 719 et
488 672 682 718 Cassius
697 671 879 733 aliique
899 677 1067 733 patres
1088 686 1386 716 consensere
1409 674 1462 716 in
1487 671 1694 718 caedem

207 753 457 812 principis.
533 749 736 806 Quanta
778 752 849 794 vis
886 748 1009 794 fati!
1054 749 1349 794 Manaverat
1384 748 1487 794 late
1524 752 1694 795 coniu-

206 831 348 885 ratio,
385 826 584 873 libellus
627 830 780 872 etiam
822 825 1019 871 Caesari
1058 825 1204 871 datus
1252 825 1431 871 eodem
1465 825 1564 882 die,
1600 842 1696 872 nec

208 905 446 967 perlitare
470 910 675 950 centum
701 906 915 949 victimis
934 909 1180 964 potuerat.
1260 903 1411 949 Venit
1433 906 1485 948 in
1510 906 1696 949 curiam

210 989 385 1029 tamen
431 981 808 1043 expeditionem
860 979 1140 1026 Parthicam
1190 980 1452 1026 meditans.
1527 980 1604 1026 Ibi
1643 984 1696 1026 in

209 1059 369 1106 curuli
405 1058 670 1105 sedentem
706 1074 822 1104 eum
870 1064 1073 1104 senatus
1112 1061 1309 1114 invasit,
1347 1059 1607 1120 tribusque
1644 1064 1699 1105 et

209 1140 390 1199 viginti
408 1136 694 1182 volneribus
719 1135 782 1181 ad
807 1142 994 1181 terram
1027 1135 1175 1181 datus
1208 1141 1299 1181 est.
1373 1134 1454 1181 Sic
1485 1134 1584 1194 ille,
1612 1138 1698 1197 qui

210 1222 456 1261 terrarum
493 1214 665 1259 orbem
698 1212 829 1258 civili
868 1216 1112 1274 sanguine
1147 1212 1461 1274 impleverat,
1489 1212 1698 1259 tandem

210 1296 316 1354 ipse
341 1294 586 1353 sanguine
610 1307 699 1336 suo
725 1293 910 1336 curiam
935 1289 1178 1352 implevit.

470 1608 644 1654 XIIII.
689 1608 784 1654 Rx-:s
822 1623 904 1653 svn
942 1607 1166 1652 CAESARE
1204 1607 1432 1651 AVGvsTo

123 1709 260 1765 1111,3
296 1707 517 1752 Formas
556 1707 807 1751 Romanus
837 1705 1045 1750 Caesare
1079 1710 1134 1750 et
1169 1703 1405 1765 Pompeio
1437 1703 1701 1749 trucidatis

143 1870 169 1909 2

210 1784 399 1830 redisse
422 1787 475 1828 in
501 1790 687 1829 statum
713 1785 980 1843 pristinum
1004 1781 1254 1826 libertatis
1281 1780 1558 1826 videbatur.
1635 1779 1703 1827 Et

210 1861 447 1917 redierat,
471 1863 565 1906 nisi
590 1866 677 1906 aut
705 1859 971 1921 Pompeius
988 1859 1007 1888 2
1043 1858 1226 1904 liberos
1241 1865 1329 1904 aut
1355 1857 1534 1903 Caesar
1556 1857 1699 1905 here-

212 1939 330 1985 dem
365 1938 668 2000 reliquisset,
692 1937 789 1994 vel,
820 1936 953 1999 quod
990 1942 1203 1998 utroque
1239 1938 1564 1997 perniciosius
1589 1935 1701 1993 fuit,

213 2021 253 2063 si
289 2032 391 2062 non
426 2015 621 2077 collega
657 2014 928 2077 quondam,
953 2030 1068 2059 mox
1105 2012 1330 2059 aemulus
1367 2013 1703 2060 Caesareanae

212 2092 513 2156 potentiae,3
538 2092 622 2138 fax
648 2099 701 2138 et
725 2093 873 2138 turbo
893 2094 1151 2154 sequentis
1166 2090 1351 2137 saeculi
1375 2089 1704 2152 superfuisset

161 2179 186 2219 3
212 2173 477 2217 Antonius.
552 2169 754 2232 Quippe
810 2169 930 2215 dum
990 2169 1173 2215 Sextus
1231 2174 1441 2230 paterna
1498 2171 1701 2229 repetit,

211 2248 523 2310 trepidatum
546 2254 657 2294 toto
682 2251 836 2302 mari3
872 2246 992 2292 dum
1027 2245 1268 2292 Octavius
1297 2251 1513 2291 mortem
1547 2248 1702 2307 patris

161 2335 186 2371 4
212 2327 482 2383 ulciscitur,
533 2328 719 2371 iterum
777 2324 874 2371 fuit
932 2323 1180 2370 movenda
1239 2322 1524 2378 Thessalia3
1581 2322 1701 2369 dum

268 2443 284 2468 ²
313 2443 430 2482 lata:
462 2442 603 2482 dilata
622 2444 672 2482 B.
869 2442 886 2466 ²
914 2447 993 2481 aut
1012 2441 1245 2492 Pompeius
1264 2456 1274 2480 t
1306 2439 1362 2480 ad
1383 2440 1574 2492 pompeii
1591 2441 1644 2480 B.

632 2497 649 2522 ³
677 2497 903 2549 potentiae
924 2511 933 2536 :
964 2496 1209 2548 potentiam
1228 2495 1277 2535 B.

215 2575 309 2634 298
