1802 2942
605 133 1000 183 CORNELIUS
1046 131 1267 181 NEPOS

249 265 329 316 13.
368 264 448 312 Sic
470 266 728 311 Eumenes
754 279 999 310 annorum
1027 261 1072 307 V
1097 268 1151 308 et
1173 260 1285 317 XL,
1310 277 1425 307 cum
1450 261 1514 307 ab
1543 276 1674 306 anno

186 336 439 388 vicesimo,
503 335 580 378 uti
644 347 796 393 supra
859 329 1192 384 ostendijS,
1255 335 1455 390 septem
1518 343 1674 374 annos

186 400 417 462 Philippo
470 401 804 461 apparuisset,
842 397 1089 443 tredecim
1142 396 1278 457 apud
1328 394 1675 441 Alexandrum

187 468 407 514 eundem
450 466 616 512 locum
661 466 982 519 obtinuisset,
1025 467 1078 509 in
1121 462 1198 509 his
1243 479 1401 508 unum
1445 464 1675 524 equitum

187 534 297 580 alae
358 531 682 596 praefuisset,
741 538 859 594 post
920 537 1094 577 autem
1155 528 1434 575 Alexandri
1495 528 1674 591 Magni

185 608 404 647 mortem
450 603 728 662 imperator
776 601 1028 645 exercitus
1077 597 1306 644 duxisset
1353 611 1675 658 summosque

186 669 339 715 duces
361 670 548 730 partim
568 665 891 729 reppulisset,
912 667 1099 727 partim
1120 662 1478 719 interfecisset,
1497 669 1675 725 captus

185 753 286 781 non
343 735 590 798 Antigoni
646 737 854 788 w'rtute,
911 732 1002 779 sed
1060 731 1403 777 Macedonum
1456 732 1675 792 periurio

185 802 344 848 talem
369 801 550 848 habuit
577 803 773 847 exitum
799 803 952 846 xdtae.
1021 798 1081 844 In
1108 815 1208 860 quo
1235 804 1427 860 quanta
1452 800 1676 843 omnium

135 876 159 914 2
183 869 339 916 fuerit
370 872 538 931 opinio
572 884 746 914 eorum
778 870 865 929 qui
895 872 1012 928 post
1043 865 1392 911 Alexandrum
1426 864 1676 927 Magnum

185 953 333 999 reges
361 943 480 982 sunt
507 935 750 998 appellati
778 951 841 980 ex
871 932 967 979 hoc
991 931 1228 979 facillime
1254 938 1428 994 potest
1450 932 1677 986 iudicari,

136 1011 161 1051 3
186 1004 338 1066 quod,
373 1020 524 1049 nemo
560 1003 792 1048 Eumene
834 1003 946 1046 vivo
987 1016 1079 1046 rex
1122 999 1407 1061 appellatus
1449 1005 1546 1054 est,
1587 999 1678 1045 sed

186 1070 495 1134 praefectus,
521 1070 688 1116 eidem
713 1075 830 1131 post
853 1067 1000 1113 huius
1026 1083 1259 1113 occasum
1283 1068 1458 1112 statim
1480 1068 1678 1129 regium

187 1145 423 1185 ornatum
457 1152 746 1199 nomenque
782 1141 1125 1197 sumpserunt,
1155 1149 1342 1195 neque,
1367 1133 1503 1195 quod
1534 1135 1679 1179 initio

187 1205 558 1268 praedicarant,
597 1220 651 1250 se
689 1202 968 1249 Alexandri
1003 1201 1174 1248 liberis
1209 1217 1426 1263 regnum
1461 1216 1680 1256 servare,

187 1279 449 1335 praestare
487 1271 775 1327 voluerunt,
805 1276 876 1325 et,
905 1285 1005 1315 uno
1043 1275 1422 1331 propugnatore
1461 1267 1679 1322 sublato,

189 1340 312 1402 quid
339 1342 590 1385 sentirent
619 1343 944 1400 aperuerunt.
1012 1335 1176 1382 Huius
1203 1334 1404 1381 sceleris
1429 1337 1680 1397 principes

188 1406 398 1453 fuerunt
435 1407 741 1468 Antigonus,
780 1403 1122 1459 Ptolemaeus,
1159 1401 1416 1458 Seleucus,
1453 1401 1681 1465 Lysima-

189 1474 329 1529 chus,
355 1473 679 1520 Cassandrus.

138 1550 164 1587 4
251 1542 540 1604 Antigonus
575 1546 749 1586 autem
781 1538 1067 1584 Eumenem
1098 1543 1357 1583 mortuum
1388 1538 1682 1599 propinquis

191 1611 298 1655 eius
337 1607 687 1671 sepeliendum
723 1605 952 1652 tradidit.
1019 1604 1089 1650 Hi
1124 1603 1331 1650 militari
1365 1602 1683 1666 honestoque

190 1674 387 1730 funere,
410 1678 688 1721 comitante
709 1680 821 1719 toto
844 1675 1090 1727 exercitu,
1108 1670 1449 1717 humaverunt
1468 1687 1683 1733 ossaque

193 1746 299 1789 eius
350 1745 403 1788 in
455 1741 829 1803 Cappadociam
881 1739 946 1786 ad
995 1745 1214 1784 matrem
1265 1745 1422 1801 atque
1472 1754 1683 1784 uxorem

192 1810 479 1872 liberosque
508 1812 614 1855 eius
641 1807 960 1870 deportanda
986 1811 1242 1852 curarunt.

713 2049 856 2096 XIX.
894 2047 1209 2096 PHOCION

260 2157 308 2207 1.
345 2157 564 2205 Phocion
625 2156 951 2204 Atheniensis
1014 2158 1108 2201 etsi
1169 2171 1321 2216 saepe
1383 2155 1687 2202 exercitibus

199 2225 421 2289 praefuit
445 2241 766 2287 summosque
793 2227 1119 2286 magistratus
1149 2225 1303 2284 cepit,
1327 2229 1502 2269 tamen
1526 2222 1688 2270 multo

201 2297 306 2340 eius
335 2296 501 2340 notior
538 2300 616 2339 est
651 2289 952 2355 integritas1
993 2293 1128 2336 vitae
1170 2306 1323 2353 quam
1358 2292 1430 2336 rei
1458 2289 1687 2337 militaris

255 2434 631 2528 {testi-‘integritas
659 2446 701 2480 u,
728 2433 766 2472 F
768 2433 890 2480 leck.;
929 2433 1063 2484 integ.
1090 2434 1171 2479 est,
1198 2430 1288 2479 M.;
1330 2429 1393 2471 the
1418 2429 1527 2471 other
1551 2429 1686 2471 MSS.

199 2502 281 2529 omz
323 2501 367 2527 es
392 2518 403 2528 .

206 2564 296 2628 596
