1802 2942
647 158 1042 208 CORNELIUS
1089 157 1309 206 NEPOS

176 293 201 330 5
227 284 476 346 reliquum
509 285 644 329 vitae
677 281 792 337 fuit,
824 284 965 328 vixit.
1035 280 1216 344 Neque
1248 295 1367 326 vero
1397 279 1451 326 id
1481 280 1716 341 imperite

230 367 380 422 fecit;
422 383 541 413 nam
567 367 703 429 quod
727 368 885 412 ceteri
909 381 1056 428 reges
1081 367 1292 427 imperio
1316 370 1613 426 potuerunt,
1637 362 1719 409 hic

229 452 585 498 benevolentia
601 453 784 497 tenuit.
854 449 1031 495 Nullus
1049 448 1205 495 honos
1222 447 1338 494 huic
1355 446 1536 503 defuit,
1552 463 1720 510 neque

229 544 408 598 postea
441 553 519 582 res
556 535 658 582 ulla
690 534 946 598 Syracusis
980 540 1127 597 gesta
1160 540 1239 580 est
1270 532 1489 596 publice,
1522 532 1586 579 de
1620 548 1721 595 qua

231 624 366 683 prius
396 624 460 667 sit
491 620 753 667 decretum
782 636 935 682 quam
963 618 1290 665 Timoleontis
1321 620 1580 664 sententia
1605 633 1721 680 cog-

179 713 203 751 6
229 709 351 751 nita.
422 705 618 751 Nullius
660 721 903 767 umquam
943 703 1204 750 consilium
1244 719 1346 749 non
1386 702 1536 750 modo
1578 708 1722 748 ante-

231 793 409 848 latum,
444 793 534 840 sed
567 808 632 839 ne
666 798 1015 854 comparatum
1051 791 1257 854 quidem
1292 797 1385 838 est.
1454 790 1636 853 Neque
1668 790 1722 838 id

230 880 390 940 magis
417 876 775 923 benevolentia
802 875 995 922 factum
1023 883 1102 922 est
1130 892 1282 938 quam
1309 874 1597 937 prudentia.

293 960 340 1010 4.
379 961 475 1008 Hic
508 978 622 1008 cum
656 968 829 1008 aetate
862 963 963 1007 iam
994 967 1261 1023 provectus
1295 967 1446 1015 esset,
1479 962 1587 1006 sine
1619 959 1720 1006 ullo

230 1046 405 1092 morbo
434 1045 626 1092 lumina
655 1045 911 1092 oculorum
934 1048 1116 1092 amisit.
1186 1044 1354 1104 Quam
1376 1044 1721 1091 calamitatem

231 1133 304 1176 ita
337 1130 600 1177 moderate
634 1130 770 1185 tulit,
805 1137 864 1177 ut
897 1146 1063 1193 neque
1100 1146 1216 1176 eum
1252 1135 1555 1192 querentem
1589 1131 1722 1192 quis-

232 1231 384 1277 quam
420 1215 637 1262 audierit
670 1231 837 1278 neque
873 1231 933 1261 eo
966 1217 1131 1260 minus
1165 1217 1372 1276 privatis
1406 1213 1720 1277 publicisque

179 1305 203 1342 2
229 1300 378 1346 rebus
431 1298 736 1346 interfuerit.
806 1299 1060 1346 Veniebat
1113 1306 1287 1345 autem
1339 1301 1391 1344 in
1443 1297 1722 1354 theatrum,

231 1400 345 1430 cum
375 1385 444 1431 ibi
475 1384 738 1431 concilium
768 1384 941 1447 populi
970 1383 1262 1440 haberetur,
1292 1390 1500 1446 propter
1529 1383 1722 1430 valetu-

232 1469 402 1515 dinem
428 1476 602 1515 vectus
629 1472 867 1515 iumentis
894 1471 1094 1524 iunctis,
1121 1475 1276 1531 atque
1303 1471 1376 1514 ita
1401 1468 1465 1515 de
1492 1467 1721 1515 vehiculo

232 1569 361 1615 quae
394 1553 697 1600 videbantur
728 1553 947 1600 dicebat.
1017 1552 1198 1615 Neque
1229 1551 1322 1599 hoc
1353 1552 1422 1598 illi
1455 1555 1722 1615 quisquam

230 1638 490 1684 tribuebat
539 1639 834 1700 superbiae3
902 1636 1026 1683 nihil
1075 1640 1211 1684 enim
1260 1654 1503 1700 umquam
1552 1653 1720 1700 neque

179 1728 204 1767 3
229 1721 446 1768 insolens
491 1739 658 1785 neque
703 1722 975 1785 gloriosum
1021 1738 1084 1768 ex
1129 1738 1214 1768 ore
1260 1725 1366 1768 eius
1412 1724 1552 1768 exiit.
1620 1721 1721 1780 Qui

232 1805 455 1868 quidem,
493 1822 607 1852 cum
645 1822 757 1852 suas
795 1805 969 1852 laudes
1008 1806 1207 1852 audiret
1242 1805 1540 1867 praedicari,
1576 1822 1721 1852 num-

233 1908 385 1954 quam
411 1891 546 1938 aliud
571 1892 700 1938 dixit
725 1908 878 1954 quam
903 1908 956 1938 se
981 1893 1033 1937 in
1057 1908 1119 1938 ea
1142 1908 1195 1937 re
1220 1894 1441 1938 maxime
1467 1892 1541 1938 dis
1567 1908 1719 1955 agere

231 1979 419 2039 gratias
458 1983 614 2038 atque
651 1975 858 2032 habere,
896 1976 1049 2039 quod,
1086 1993 1201 2022 cum
1237 1974 1455 2022 Siciliam
1491 1992 1719 2022 recreare

232 2064 628 2116 constituissent,
652 2068 763 2107 tum
787 2077 840 2107 se
863 2063 1181 2122 potissimum
1203 2060 1385 2106 ducem
1409 2076 1517 2106 esse
1540 2060 1720 2107 voluis-

179 2152 205 2189 4
230 2152 359 2192 sent.
429 2145 564 2191 Nihil
605 2148 740 2192 enim
779 2162 947 2192 rerum
986 2145 1322 2191 humanarum
1361 2148 1468 2191 sine
1509 2145 1718 2207 deorum

232 2232 437 2276 numine
478 2234 585 2293 geri
625 2231 870 2292 putabat3
927 2233 1101 2293 itaque
1141 2246 1262 2276 suae
1303 2229 1439 2276 domi
1479 2229 1718 2276 sacellum

233 2315 554 2361 Automatias
579 2317 911 2362 constituerat
935 2315 1088 2377 idque
1112 2317 1423 2361 sanctissime
1448 2313 1663 2361 colebat.

295 2397 342 2447 5.
378 2399 461 2446 Ad
490 2399 619 2446 hanc
648 2399 861 2446 hominis
893 2399 1228 2446 excellentem
1257 2400 1542 2446 bonitatem
1571 2403 1719 2445 mira-

234 2484 358 2531 biles
388 2492 702 2532 accesserant
730 2499 901 2540 casus3
947 2501 1065 2531 nam
1093 2483 1284 2547 proelia
1311 2487 1533 2530 maxima
1561 2483 1718 2530 natali

231 2577 321 2622 610
