1747 2912
510 149 566 195 L.
618 149 712 194 AN
723 146 952 194 NAEUS
1002 146 1272 194 FLORUS

153 278 397 324 coloribus
454 281 507 323 in
565 281 713 324 armis
772 283 1117 339 argenteoque
1175 282 1432 338 carpentO,
1480 277 1640 340 qualis

97 358 122 397 6
151 358 477 414 pugnaverat.
554 352 829 413 Utriusque
855 354 1091 397 victoriae
1116 349 1251 412 quod
1289 356 1639 414 quantumque

152 425 391 486 gaudium
428 424 595 481 fuerit,
635 425 716 471 vel
752 424 870 470 hinc
904 426 1157 471 aestimari
1193 429 1379 485 potest,
1415 424 1550 486 quod
1588 432 1641 472 et

153 498 406 544 Domitius
456 498 833 544 Ahenobarbus
882 503 935 544 et
995 497 1176 542 Fabius
1227 497 1475 543 Maximus
1521 501 1640 560 ipsis

152 573 332 634 quibus
371 571 733 618 dimicaverant
770 571 890 616 locis
927 587 1098 616 saxeas
1137 586 1343 616 erexere
1381 576 1561 629 turres,
1588 579 1641 619 et

152 645 367 707 desuper
403 652 642 692 exornata
677 649 824 691 armis
863 644 1127 690 hostilibus
1163 650 1370 705 tropaea
1405 644 1640 704 fixerunt,

151 735 264 765 cum
306 719 388 765 hic
429 735 536 765 mos
577 721 846 764 inusitatus
889 717 1043 763 fuerit
1084 721 1280 763 nostris.
1354 717 1641 781 Numquam

152 795 287 838 enim
330 792 544 854 populus
588 792 839 838 Romanus
875 791 1102 838 hostibus
1141 790 1344 837 domitis
1381 794 1639 839 victoriam

152 867 487 929 exprobravit.

151 1067 442 1113 XXXVIII.
521 1067 719 1113 BELLVM
779 1066 1062 1112 Cmssmcvm
1121 1065 1446 1111 varoNicvM
1517 1065 1635 1112 Tm-

800 1148 990 1179 vaVM

65 1235 180 1291 111,3
241 1234 439 1291 Cuiam,
465 1233 684 1280 Teutoni
717 1239 871 1295 atque
904 1231 1134 1293 Tigurini
1166 1232 1228 1277 ab
1255 1235 1495 1278 extremis
1521 1232 1639 1278 Gal-

150 1308 245 1353 liae
271 1307 488 1369 profugi,
515 1324 629 1353 cum
667 1314 827 1353 terras
856 1322 1029 1352 eorum
1058 1305 1353 1352 inundasset
1390 1306 1639 1364 Oceanus,

92 1387 117 1426 2
149 1398 301 1427 novas
349 1382 493 1428 sedes
541 1388 652 1427 toto
699 1381 819 1427 orbe
867 1380 1195 1442 quaerebant,
1244 1379 1534 1442 exclusique
1587 1389 1641 1429 et

152 1455 315 1501 Gallia
364 1463 417 1502 et
473 1456 719 1516 Hispania
767 1471 882 1500 cum
930 1457 983 1498 in
1033 1453 1231 1499 Italiam
1279 1453 1639 1515 demigrarent,

148 1533 329 1575 misere
371 1529 566 1591 legatos
608 1533 661 1574 in
704 1535 865 1575 castra
908 1527 1080 1584 Silani,
1123 1527 1242 1574 inde
1284 1527 1348 1573 ad
1391 1535 1639 1586 senatum,

149 1610 384 1664 petentes
432 1610 490 1650 ut
551 1603 763 1649 Martius
811 1602 1025 1664 populus
1073 1601 1262 1663 aliquid
1321 1601 1414 1648 sibi
1473 1608 1638 1649 terrae

149 1677 293 1722 daret
331 1681 469 1739 quasi
507 1676 834 1738 stipendium,
861 1682 1086 1722 ceterum
1125 1682 1181 1721 ut
1216 1675 1372 1721 vellet
1407 1677 1638 1722 manibus

92 1758 117 1798 3
147 1758 299 1813 atque
341 1755 488 1796 armis
529 1754 628 1796 suis
672 1757 912 1797 uteretur.
988 1749 1088 1795 Sed
1132 1765 1252 1811 quas
1293 1749 1438 1796 daret
1478 1756 1638 1797 terras

149 1824 363 1886 populus
414 1825 665 1870 Romanus
714 1828 915 1886 agrariis
963 1824 1161 1885 legibus
1210 1826 1345 1869 inter
1392 1839 1445 1869 se
1494 1824 1638 1870 dimi-

150 1900 384 1944 caturus?
432 1898 637 1960 Repulsi
662 1898 833 1960 igitur,
862 1897 997 1960 quod
1021 1901 1356 1959 nequiverant
1391 1887 1641 1960 precibus,

92 1979 117 2016 4
147 1976 294 2017 armis
318 1978 495 2033 petere
517 1971 833 2033 coeperunt.1
903 1971 1005 2018 Sed
1029 1987 1124 2016 nec
1149 1974 1365 2032 primum
1391 1975 1638 2033 impetum

148 2047 469 2093 barbarorum
519 2047 733 2104 Silanus,
775 2063 869 2093 nec
919 2046 1196 2092 secundum
1247 2046 1499 2104 Manilius,
1542 2063 1637 2093 nec

148 2126 358 2169 tertium
395 2122 580 2184 Caepio
617 2126 865 2168 sustinere
903 2128 1209 2183 potuerunt,
1247 2138 1421 2168 omnes
1458 2121 1637 2184 fugati,

90 2204 115 2241 5
149 2200 288 2242 exuti
329 2200 514 2242 castris.
591 2196 777 2242 Actum
815 2202 938 2251 erat,
964 2199 1058 2241 nisi
1098 2195 1286 2241 Marius
1325 2195 1399 2240 illi
1438 2196 1637 2242 saeculo

147 2273 455 2331 contigisset.
533 2269 625 2316 Ille
651 2285 850 2331 quoque
877 2285 979 2314 non
1014 2285 1161 2315 ausus
1187 2268 1429 2330 congredi
1464 2273 1636 2316 statim

149 2342 362 2388 militem
403 2346 571 2389 tenuit
607 2346 658 2388 in
696 2346 885 2399 castris,
922 2342 1084 2389 donec
1119 2345 1307 2388 invicta
1347 2338 1433 2388 illa
1474 2343 1636 2390 rabies

347 2470 362 2494 ยน
393 2474 656 2522 coeperunt:
687 2474 898 2522 ceperunt
917 2470 981 2511 B:
1012 2470 1292 2509 constituunt
1312 2469 1357 2510 N
1369 2469 1416 2510 L.

156 2558 246 2602 168
