<?xml version="1.0" encoding="UTF-8"?>
<!DOCTYPE html PUBLIC "-//W3C//DTD XHTML 1.0 Transitional//EN"
    "http://www.w3.org/TR/xhtml1/DTD/xhtml1-transitional.dtd">
<html xmlns="http://www.w3.org/1999/xhtml" xml:lang="en" lang="en">
 <head>
  <title>
</title>
<meta http-equiv="Content-Type" content="text/html;charset=utf-8" />
  <meta name='ocr-system' content='tesseract 3.04.00' />
  <meta name='ocr-capabilities' content='ocr_page ocr_carea ocr_par ocr_line ocrx_word'/>
</head>
<body>
  <div class='ocr_page' id='page_1' title='image "./lannaeifloriquae00floruoft_0406.png"; bbox 0 0 1802 2942; ppageno 0'>
   <div class='ocr_carea' id='block_1_1' title="bbox 610 147 1277 199">
    <p class='ocr_par' dir='ltr' id='par_1_1' title="bbox 610 147 1277 199">
     <span class='ocr_line' id='line_1_1' title="bbox 610 147 1277 199; baseline -0.006 0"><span class='ocrx_word' id='word_1_1' title='bbox 610 149 1006 199; x_wconf 82' lang='lat' dir='ltr'>CORNELIUS</span> <span class='ocrx_word' id='word_1_2' title='bbox 1055 147 1277 196; x_wconf 90' lang='lat' dir='ltr'>NEPOS</span> 
     </span>
    </p>
   </div>
   <div class='ocr_carea' id='block_1_2' title="bbox 154 273 1711 1942">
    <p class='ocr_par' dir='ltr' id='par_1_2' title="bbox 203 273 1699 478">
     <span class='ocr_line' id='line_1_2' title="bbox 203 273 1696 339; baseline -0.006 -11"><span class='ocrx_word' id='word_1_3' title='bbox 203 283 529 330; x_wconf 88' lang='lat' dir='ltr'>discessisset.</span> <span class='ocrx_word' id='word_1_4' title='bbox 596 278 673 325; x_wconf 89' lang='lat' dir='ltr'>Eo</span> <span class='ocrx_word' id='word_1_5' title='bbox 728 285 960 339; x_wconf 88' lang='lat' dir='ltr'>tempore</span> <span class='ocrx_word' id='word_1_6' title='bbox 1017 292 1171 339; x_wconf 82' lang='lat' dir='ltr'>aeger</span> <span class='ocrx_word' id='word_1_7' title='bbox 1226 281 1337 321; x_wconf 87' lang='lat' dir='ltr'>erat</span> <span class='ocrx_word' id='word_1_8' title='bbox 1390 273 1696 329; x_wconf 84' lang='lat' dir='ltr'>vulneribus,</span> 
     </span>
     <span class='ocr_line' id='line_1_3' title="bbox 204 340 1697 412; baseline -0.007 -17"><span class='ocrx_word' id='word_1_9' title='bbox 204 364 335 412; x_wconf 90' lang='lat' dir='ltr'>quae</span> <span class='ocrx_word' id='word_1_10' title='bbox 396 351 449 393; x_wconf 92' lang='lat' dir='ltr'>in</span> <span class='ocrx_word' id='word_1_11' title='bbox 510 344 851 408; x_wconf 90' lang='lat' dir='ltr'>oppugnando</span> <span class='ocrx_word' id='word_1_12' title='bbox 913 343 1099 405; x_wconf 91' lang='lat' dir='ltr'>oppido</span> <span class='ocrx_word' id='word_1_13' title='bbox 1161 347 1444 404; x_wconf 87' lang='lat' dir='ltr'>acceperat.</span> <span class='ocrx_word' id='word_1_14' title='bbox 1513 340 1697 403; x_wconf 91' lang='lat' dir='ltr'>Itaque</span> 
     </span>
     <span class='ocr_line' id='line_1_4' title="bbox 205 406 1699 478; baseline -0.005 -16"><span class='ocrx_word' id='word_1_15' title='bbox 205 418 444 478; x_wconf 88' lang='lat' dir='ltr'>quoniam</span> <span class='ocrx_word' id='word_1_16' title='bbox 462 413 482 442; x_wconf 83' lang='lat'>1</span> <span class='ocrx_word' id='word_1_17' title='bbox 510 416 619 475; x_wconf 92' lang='lat' dir='ltr'>ipse</span> <span class='ocrx_word' id='word_1_18' title='bbox 646 428 738 474; x_wconf 90' lang='lat' dir='ltr'>pro</span> <span class='ocrx_word' id='word_1_19' title='bbox 766 427 821 457; x_wconf 90' lang='lat' dir='ltr'>se</span> <span class='ocrx_word' id='word_1_20' title='bbox 850 410 1017 457; x_wconf 81' lang='lat' dir='ltr'>dicere</span> <span class='ocrx_word' id='word_1_21' title='bbox 1046 426 1147 455; x_wconf 92' lang='lat' dir='ltr'>non</span> <span class='ocrx_word' id='word_1_22' title='bbox 1175 415 1365 471; x_wconf 91' lang='lat' dir='ltr'>posset,</span> <span class='ocrx_word' id='word_1_23' title='bbox 1393 407 1549 454; x_wconf 87' lang='lat' dir='ltr'>verba</span> <span class='ocrx_word' id='word_1_24' title='bbox 1575 406 1699 454; x_wconf 84' lang='lat' dir='ltr'>fecit</span> 
     </span>
    </p>

    <p class='ocr_par' dir='ltr' id='par_1_3' title="bbox 154 476 1702 878">
     <span class='ocr_line' id='line_1_5' title="bbox 154 476 1699 541; baseline -0.006 -12"><span class='ocrx_word' id='word_1_25' title='bbox 154 491 178 530; x_wconf 88' lang='grc'><strong>6</strong></span> <span class='ocrx_word' id='word_1_26' title='bbox 202 482 361 529; x_wconf 88' lang='lat' dir='ltr'>frater</span> <span class='ocrx_word' id='word_1_27' title='bbox 427 483 533 526; x_wconf 88' lang='lat' dir='ltr'>eius</span> <span class='ocrx_word' id='word_1_28' title='bbox 599 478 935 541; x_wconf 85' lang='lat' dir='ltr'>Stesagoras.2</span> <span class='ocrx_word' id='word_1_29' title='bbox 1003 476 1167 523; x_wconf 85' lang='lat' dir='ltr'>Causa</span> <span class='ocrx_word' id='word_1_30' title='bbox 1232 478 1454 538; x_wconf 89' lang='lat' dir='ltr'>cognita,</span> <span class='ocrx_word' id='word_1_31' title='bbox 1519 477 1699 536; x_wconf 87' lang='lat' dir='ltr'>capitis</span> 
     </span>
     <span class='ocr_line' id='line_1_6' title="bbox 207 542 1700 609; baseline -0.007 -13"><span class='ocrx_word' id='word_1_32' title='bbox 207 549 466 596; x_wconf 86' lang='lat' dir='ltr'>absolutus</span> <span class='ocrx_word' id='word_1_33' title='bbox 500 549 716 609; x_wconf 92' lang='lat' dir='ltr'>pecunia</span> <span class='ocrx_word' id='word_1_34' title='bbox 750 544 996 590; x_wconf 88' lang='lat' dir='ltr'>multatus</span> <span class='ocrx_word' id='word_1_35' title='bbox 1033 550 1129 598; x_wconf 87' lang='lat' dir='ltr'>est,</span> <span class='ocrx_word' id='word_1_36' title='bbox 1165 558 1327 605; x_wconf 91' lang='lat' dir='ltr'>eaque</span> <span class='ocrx_word' id='word_1_37' title='bbox 1359 542 1419 588; x_wconf 88' lang='lat' dir='ltr'>lis</span> <span class='ocrx_word' id='word_1_38' title='bbox 1455 544 1700 604; x_wconf 88' lang='lat' dir='ltr'>quinqua-</span> 
     </span>
     <span class='ocr_line' id='line_1_7' title="bbox 206 607 1701 680; baseline -0.006 -18"><span class='ocrx_word' id='word_1_39' title='bbox 206 620 350 680; x_wconf 81' lang='lat' dir='ltr'>ginta</span> <span class='ocrx_word' id='word_1_40' title='bbox 398 614 605 661; x_wconf 90' lang='lat' dir='ltr'>talentis</span> <span class='ocrx_word' id='word_1_41' title='bbox 656 615 927 658; x_wconf 89' lang='lat' dir='ltr'>aestimata</span> <span class='ocrx_word' id='word_1_42' title='bbox 976 617 1071 665; x_wconf 92' lang='lat' dir='ltr'>est,</span> <span class='ocrx_word' id='word_1_43' title='bbox 1121 616 1341 672; x_wconf 88' lang='lat' dir='ltr'>quantus</span> <span class='ocrx_word' id='word_1_44' title='bbox 1388 611 1443 654; x_wconf 91' lang='lat' dir='ltr'>in</span> <span class='ocrx_word' id='word_1_45' title='bbox 1489 607 1701 654; x_wconf 82' lang='lat' dir='ltr'>classem</span> 
     </span>
     <span class='ocr_line' id='line_1_8' title="bbox 206 674 1701 745; baseline -0.007 -15"><span class='ocrx_word' id='word_1_46' title='bbox 206 689 438 745; x_wconf 91' lang='lat' dir='ltr'>sumptus</span> <span class='ocrx_word' id='word_1_47' title='bbox 470 680 634 726; x_wconf 85' lang='lat' dir='ltr'>factus</span> <span class='ocrx_word' id='word_1_48' title='bbox 669 686 793 725; x_wconf 89' lang='lat' dir='ltr'>erat.</span> <span class='ocrx_word' id='word_1_49' title='bbox 863 677 1010 724; x_wconf 92' lang='lat' dir='ltr'>Hanc</span> <span class='ocrx_word' id='word_1_50' title='bbox 1039 680 1309 739; x_wconf 87' lang='lat' dir='ltr'>pecuniam</span> <span class='ocrx_word' id='word_1_51' title='bbox 1341 675 1477 738; x_wconf 92' lang='lat' dir='ltr'>quod</span> <span class='ocrx_word' id='word_1_52' title='bbox 1507 674 1701 721; x_wconf 87' lang='lat' dir='ltr'>solvere</span> 
     </span>
     <span class='ocr_line' id='line_1_9' title="bbox 206 742 1702 812; baseline -0.005 -16"><span class='ocrx_word' id='word_1_53' title='bbox 206 755 259 797; x_wconf 91' lang='lat' dir='ltr'>in</span> <span class='ocrx_word' id='word_1_54' title='bbox 282 751 572 812; x_wconf 90' lang='lat' dir='ltr'>praesentia</span> <span class='ocrx_word' id='word_1_55' title='bbox 594 763 695 793; x_wconf 93' lang='lat' dir='ltr'>non</span> <span class='ocrx_word' id='word_1_56' title='bbox 718 751 940 808; x_wconf 86' lang='lat' dir='ltr'>poterat,</span> <span class='ocrx_word' id='word_1_57' title='bbox 963 747 1015 790; x_wconf 91' lang='lat' dir='ltr'>in</span> <span class='ocrx_word' id='word_1_58' title='bbox 1038 744 1200 790; x_wconf 85' lang='lat' dir='ltr'>vincla</span> <span class='ocrx_word' id='word_1_59' title='bbox 1222 742 1424 806; x_wconf 87' lang='lat' dir='ltr'>publica</span> <span class='ocrx_word' id='word_1_60' title='bbox 1445 745 1702 789; x_wconf 91' lang='lat' dir='ltr'>coniectus</span> 
     </span>
     <span class='ocr_line' id='line_1_10' title="bbox 209 814 1134 878; baseline -0.009 -14"><span class='ocrx_word' id='word_1_61' title='bbox 209 824 287 865; x_wconf 89' lang='lat' dir='ltr'>est</span> <span class='ocrx_word' id='word_1_62' title='bbox 313 818 485 878; x_wconf 88' lang='lat' dir='ltr'>ibique</span> <span class='ocrx_word' id='word_1_63' title='bbox 513 815 649 861; x_wconf 90' lang='lat' dir='ltr'>diem</span> <span class='ocrx_word' id='word_1_64' title='bbox 675 814 800 859; x_wconf 88' lang='lat' dir='ltr'>obiit</span> <span class='ocrx_word' id='word_1_65' title='bbox 825 827 1134 874; x_wconf 89' lang='lat' dir='ltr'>supremum.</span> 
     </span>
    </p>

    <p class='ocr_par' dir='ltr' id='par_1_4' title="bbox 209 878 1705 1140">
     <span class='ocr_line' id='line_1_11' title="bbox 271 878 1704 933; baseline -0.006 -2"><span class='ocrx_word' id='word_1_66' title='bbox 271 883 320 933; x_wconf 88' lang='lat'>8.</span> <span class='ocrx_word' id='word_1_67' title='bbox 357 883 454 929; x_wconf 85' lang='lat' dir='ltr'>Hic</span> <span class='ocrx_word' id='word_1_68' title='bbox 500 884 595 928; x_wconf 89' lang='lat' dir='ltr'>etsi</span> <span class='ocrx_word' id='word_1_69' title='bbox 639 883 846 927; x_wconf 90' lang='lat' dir='ltr'>crimine</span> <span class='ocrx_word' id='word_1_70' title='bbox 891 878 1037 924; x_wconf 90' lang='lat' dir='ltr'>Pario</span> <span class='ocrx_word' id='word_1_71' title='bbox 1082 883 1161 924; x_wconf 91' lang='lat' dir='ltr'>est</span> <span class='ocrx_word' id='word_1_72' title='bbox 1205 883 1486 932; x_wconf 89' lang='lat' dir='ltr'>accusatus,</span> <span class='ocrx_word' id='word_1_73' title='bbox 1527 882 1704 923; x_wconf 90' lang='lat' dir='ltr'>tamen</span> 
     </span>
     <span class='ocr_line' id='line_1_12' title="bbox 209 942 1704 1006; baseline -0.005 -9"><span class='ocrx_word' id='word_1_74' title='bbox 209 950 307 997; x_wconf 85' lang='lat' dir='ltr'>alia</span> <span class='ocrx_word' id='word_1_75' title='bbox 345 965 496 996; x_wconf 89' lang='lat' dir='ltr'>causa</span> <span class='ocrx_word' id='word_1_76' title='bbox 532 947 631 994; x_wconf 87' lang='lat' dir='ltr'>fuit</span> <span class='ocrx_word' id='word_1_77' title='bbox 667 947 1021 994; x_wconf 71' lang='lat' dir='ltr'>damnationis.</span> <span class='ocrx_word' id='word_1_78' title='bbox 1091 944 1325 1006; x_wconf 89' lang='lat' dir='ltr'>Namque</span> <span class='ocrx_word' id='word_1_79' title='bbox 1362 942 1704 990; x_wconf 77' lang='lat' dir='ltr'>Athenienses</span> 
     </span>
     <span class='ocr_line' id='line_1_13' title="bbox 211 1012 1704 1080; baseline -0.005 -16"><span class='ocrx_word' id='word_1_80' title='bbox 211 1024 419 1080; x_wconf 89' lang='lat' dir='ltr'>propter</span> <span class='ocrx_word' id='word_1_81' title='bbox 469 1015 718 1062; x_wconf 85' lang='lat' dir='ltr'>Pisistrati</span> <span class='ocrx_word' id='word_1_82' title='bbox 767 1012 1109 1077; x_wconf 87' lang='lat' dir='ltr'>tyrannidem,</span> <span class='ocrx_word' id='word_1_83' title='bbox 1160 1027 1291 1074; x_wconf 92' lang='lat' dir='ltr'>quae</span> <span class='ocrx_word' id='word_1_84' title='bbox 1339 1013 1511 1073; x_wconf 83' lang='lat' dir='ltr'>paucis</span> <span class='ocrx_word' id='word_1_85' title='bbox 1561 1012 1704 1057; x_wconf 88' lang='lat' dir='ltr'>annis</span> 
     </span>
     <span class='ocr_line' id='line_1_14' title="bbox 210 1080 1705 1140; baseline -0.006 -9"><span class='ocrx_word' id='word_1_86' title='bbox 210 1092 331 1131; x_wconf 87' lang='lat' dir='ltr'>ante</span> <span class='ocrx_word' id='word_1_87' title='bbox 389 1082 575 1138; x_wconf 88' lang='lat' dir='ltr'>fuerat,</span> <span class='ocrx_word' id='word_1_88' title='bbox 623 1080 864 1128; x_wconf 87' lang='lat' dir='ltr'>nimiam3</span> <span class='ocrx_word' id='word_1_89' title='bbox 919 1083 1101 1126; x_wconf 83' lang='lat' dir='ltr'>civium</span> <span class='ocrx_word' id='word_1_90' title='bbox 1158 1095 1362 1125; x_wconf 87' lang='lat' dir='ltr'>suorum</span> <span class='ocrx_word' id='word_1_91' title='bbox 1418 1080 1705 1140; x_wconf 89' lang='lat' dir='ltr'>potentiam</span> 
     </span>
    </p>

    <p class='ocr_par' dir='ltr' id='par_1_5' title="bbox 161 1145 1711 1942">
     <span class='ocr_line' id='line_1_15' title="bbox 161 1145 1706 1208; baseline -0.005 -12"><span class='ocrx_word' id='word_1_92' title='bbox 161 1159 185 1196; x_wconf 87' lang='grc'>2</span> <span class='ocrx_word' id='word_1_93' title='bbox 211 1150 630 1198; x_wconf 82' lang='lat' dir='ltr'>extimescebant.</span> <span class='ocrx_word' id='word_1_94' title='bbox 701 1147 980 1202; x_wconf 84' lang='lat' dir='ltr'>Miltiades,</span> <span class='ocrx_word' id='word_1_95' title='bbox 1003 1145 1221 1192; x_wconf 90' lang='lat' dir='ltr'>multum</span> <span class='ocrx_word' id='word_1_96' title='bbox 1249 1149 1301 1191; x_wconf 92' lang='lat' dir='ltr'>in</span> <span class='ocrx_word' id='word_1_97' title='bbox 1322 1147 1543 1207; x_wconf 84' lang='lat' dir='ltr'>imperiis</span> <span class='ocrx_word' id='word_1_98' title='bbox 1564 1160 1706 1208; x_wconf 84' lang='lat' dir='ltr'>mag-</span> 
     </span>
     <span class='ocr_line' id='line_1_16' title="bbox 210 1214 1706 1281; baseline -0.005 -16"><span class='ocrx_word' id='word_1_99' title='bbox 210 1222 388 1281; x_wconf 92' lang='lat' dir='ltr'>nisque</span> <span class='ocrx_word' id='word_1_100' title='bbox 409 1217 431 1247; x_wconf 80' lang='lat'>4</span> <span class='ocrx_word' id='word_1_101' title='bbox 461 1222 707 1271; x_wconf 90' lang='lat' dir='ltr'>versatus,</span> <span class='ocrx_word' id='word_1_102' title='bbox 733 1232 836 1261; x_wconf 92' lang='lat' dir='ltr'>non</span> <span class='ocrx_word' id='word_1_103' title='bbox 861 1214 1128 1261; x_wconf 58' lang='lat' dir='ltr'>videbatur</span> <span class='ocrx_word' id='word_1_104' title='bbox 1154 1229 1300 1275; x_wconf 90' lang='lat' dir='ltr'>posse</span> <span class='ocrx_word' id='word_1_105' title='bbox 1329 1228 1438 1258; x_wconf 90' lang='lat' dir='ltr'>esse</span> <span class='ocrx_word' id='word_1_106' title='bbox 1462 1215 1706 1274; x_wconf 89' lang='lat' dir='ltr'>privatus,</span> 
     </span>
     <span class='ocr_line' id='line_1_17' title="bbox 163 1279 1706 1349; baseline -0.005 -17"><span class='ocrx_word' id='word_1_107' title='bbox 163 1294 186 1333; x_wconf 90' lang='lat'><strong>3</strong></span> <span class='ocrx_word' id='word_1_108' title='bbox 210 1286 511 1349; x_wconf 88' lang='lat' dir='ltr'>praesertim</span> <span class='ocrx_word' id='word_1_109' title='bbox 535 1300 650 1329; x_wconf 91' lang='lat' dir='ltr'>cum</span> <span class='ocrx_word' id='word_1_110' title='bbox 672 1281 1040 1329; x_wconf 89' lang='lat' dir='ltr'>consuetudine</span> <span class='ocrx_word' id='word_1_111' title='bbox 1065 1280 1129 1326; x_wconf 93' lang='lat' dir='ltr'>ad</span> <span class='ocrx_word' id='word_1_112' title='bbox 1151 1282 1349 1341; x_wconf 89' lang='lat' dir='ltr'>imperii</span> <span class='ocrx_word' id='word_1_113' title='bbox 1371 1279 1706 1341; x_wconf 84' lang='lat' dir='ltr'>cupiditatem</span> 
     </span>
     <span class='ocr_line' id='line_1_18' title="bbox 211 1345 1706 1408; baseline -0.005 -9"><span class='ocrx_word' id='word_1_114' title='bbox 211 1352 344 1399; x_wconf 87' lang='lat' dir='ltr'>trahi</span> <span class='ocrx_word' id='word_1_115' title='bbox 373 1352 645 1398; x_wconf 86' lang='lat' dir='ltr'>videretur.</span> <span class='ocrx_word' id='word_1_116' title='bbox 714 1349 847 1395; x_wconf 85' lang='lat' dir='ltr'>Nam</span> <span class='ocrx_word' id='word_1_117' title='bbox 876 1347 1175 1394; x_wconf 90' lang='lat' dir='ltr'>Chersonesi</span> <span class='ocrx_word' id='word_1_118' title='bbox 1193 1347 1213 1375; x_wconf 86' lang='lat'>5</span> <span class='ocrx_word' id='word_1_119' title='bbox 1242 1362 1416 1392; x_wconf 89' lang='lat' dir='ltr'>omnes</span> <span class='ocrx_word' id='word_1_120' title='bbox 1443 1345 1552 1392; x_wconf 91' lang='lat' dir='ltr'>illos</span> <span class='ocrx_word' id='word_1_121' title='bbox 1582 1361 1706 1408; x_wconf 90' lang='lat' dir='ltr'>quos</span> 
     </span>
     <span class='ocr_line' id='line_1_19' title="bbox 213 1414 1707 1478; baseline -0.005 -12"><span class='ocrx_word' id='word_1_122' title='bbox 213 1419 473 1466; x_wconf 88' lang='lat' dir='ltr'>habitarat</span> <span class='ocrx_word' id='word_1_123' title='bbox 496 1433 651 1463; x_wconf 90' lang='lat' dir='ltr'>annos</span> <span class='ocrx_word' id='word_1_124' title='bbox 673 1423 977 1478; x_wconf 88' lang='lat' dir='ltr'>perpetuam</span> <span class='ocrx_word' id='word_1_125' title='bbox 999 1415 1291 1461; x_wconf 86' lang='lat' dir='ltr'>obtinuerat</span> <span class='ocrx_word' id='word_1_126' title='bbox 1312 1414 1707 1460; x_wconf 83' lang='lat' dir='ltr'>dominationem</span> 
     </span>
     <span class='ocr_line' id='line_1_20' title="bbox 212 1480 1708 1550; baseline -0.005 -17"><span class='ocrx_word' id='word_1_127' title='bbox 212 1494 561 1550; x_wconf 84' lang='lat' dir='ltr'>tyrannusque</span> <span class='ocrx_word' id='word_1_128' title='bbox 584 1483 753 1530; x_wconf 88' lang='lat' dir='ltr'>fuerat</span> <span class='ocrx_word' id='word_1_129' title='bbox 777 1482 1078 1546; x_wconf 87' lang='lat' dir='ltr'>appellatus,</span> <span class='ocrx_word' id='word_1_130' title='bbox 1101 1481 1192 1528; x_wconf 91' lang='lat' dir='ltr'>sed</span> <span class='ocrx_word' id='word_1_131' title='bbox 1212 1484 1390 1527; x_wconf 88' lang='lat' dir='ltr'>iustus.</span> <span class='ocrx_word' id='word_1_132' title='bbox 1459 1480 1574 1527; x_wconf 92' lang='lat' dir='ltr'>Non</span> <span class='ocrx_word' id='word_1_133' title='bbox 1597 1487 1708 1527; x_wconf 86' lang='lat' dir='ltr'>erat</span> 
     </span>
     <span class='ocr_line' id='line_1_21' title="bbox 214 1548 1708 1610; baseline -0.005 -10"><span class='ocrx_word' id='word_1_134' title='bbox 214 1557 349 1600; x_wconf 91' lang='lat' dir='ltr'>enim</span> <span class='ocrx_word' id='word_1_135' title='bbox 383 1556 431 1599; x_wconf 88' lang='lat' dir='ltr'>vi</span> <span class='ocrx_word' id='word_1_136' title='bbox 464 1558 781 1606; x_wconf 88' lang='lat' dir='ltr'>consecutus,</span> <span class='ocrx_word' id='word_1_137' title='bbox 815 1550 904 1596; x_wconf 90' lang='lat' dir='ltr'>sed</span> <span class='ocrx_word' id='word_1_138' title='bbox 938 1566 1142 1595; x_wconf 88' lang='lat' dir='ltr'>suorum</span> <span class='ocrx_word' id='word_1_139' title='bbox 1175 1548 1457 1603; x_wconf 86' lang='lat' dir='ltr'>voluntate,</span> <span class='ocrx_word' id='word_1_140' title='bbox 1491 1563 1708 1610; x_wconf 87' lang='lat' dir='ltr'>eamque</span> 
     </span>
     <span class='ocr_line' id='line_1_22' title="bbox 214 1615 1709 1683; baseline -0.005 -16"><span class='ocrx_word' id='word_1_141' title='bbox 214 1627 529 1683; x_wconf 88' lang='lat' dir='ltr'>potestatem</span> <span class='ocrx_word' id='word_1_142' title='bbox 574 1619 806 1664; x_wconf 86' lang='lat' dir='ltr'>bonitate</span> <span class='ocrx_word' id='word_1_143' title='bbox 852 1617 1124 1663; x_wconf 89' lang='lat' dir='ltr'>retinebat.</span> <span class='ocrx_word' id='word_1_144' title='bbox 1195 1615 1386 1662; x_wconf 88' lang='lat' dir='ltr'>Omnes</span> <span class='ocrx_word' id='word_1_145' title='bbox 1433 1621 1608 1661; x_wconf 89' lang='lat' dir='ltr'>autem</span> <span class='ocrx_word' id='word_1_146' title='bbox 1655 1621 1709 1661; x_wconf 93' lang='lat' dir='ltr'>et</span> 
     </span>
     <span class='ocr_line' id='line_1_23' title="bbox 216 1685 1709 1747; baseline -0.004 -13"><span class='ocrx_word' id='word_1_147' title='bbox 216 1689 452 1735; x_wconf 90' lang='lat' dir='ltr'>dicuntur</span> <span class='ocrx_word' id='word_1_148' title='bbox 496 1692 550 1732; x_wconf 89' lang='lat' dir='ltr'>et</span> <span class='ocrx_word' id='word_1_149' title='bbox 592 1685 847 1731; x_wconf 88' lang='lat' dir='ltr'>habentur</span> <span class='ocrx_word' id='word_1_150' title='bbox 889 1686 1111 1747; x_wconf 84' lang='lat' dir='ltr'>tyranni,</span> <span class='ocrx_word' id='word_1_151' title='bbox 1156 1686 1240 1745; x_wconf 88' lang='lat' dir='ltr'>qui</span> <span class='ocrx_word' id='word_1_152' title='bbox 1285 1689 1546 1744; x_wconf 86' lang='lat' dir='ltr'>potestate</span> <span class='ocrx_word' id='word_1_153' title='bbox 1590 1689 1709 1728; x_wconf 87' lang='lat' dir='ltr'>sunt</span> 
     </span>
     <span class='ocr_line' id='line_1_24' title="bbox 167 1747 1710 1817; baseline -0.003 -18"><span class='ocrx_word' id='word_1_154' title='bbox 167 1762 191 1799; x_wconf 75' lang='lat'>4</span> <span class='ocrx_word' id='word_1_155' title='bbox 215 1761 465 1817; x_wconf 90' lang='lat' dir='ltr'>perpetua</span> <span class='ocrx_word' id='word_1_156' title='bbox 491 1756 544 1798; x_wconf 91' lang='lat' dir='ltr'>in</span> <span class='ocrx_word' id='word_1_157' title='bbox 573 1769 634 1798; x_wconf 87' lang='lat' dir='ltr'>ea</span> <span class='ocrx_word' id='word_1_158' title='bbox 661 1755 868 1798; x_wconf 73' lang='lat' dir='ltr'>civitate</span> <span class='ocrx_word' id='word_1_159' title='bbox 898 1767 1029 1814; x_wconf 92' lang='lat' dir='ltr'>quae</span> <span class='ocrx_word' id='word_1_160' title='bbox 1056 1750 1297 1796; x_wconf 88' lang='lat' dir='ltr'>libertate</span> <span class='ocrx_word' id='word_1_161' title='bbox 1325 1766 1417 1796; x_wconf 87' lang='lat' dir='ltr'>usa</span> <span class='ocrx_word' id='word_1_162' title='bbox 1445 1756 1539 1796; x_wconf 89' lang='lat' dir='ltr'>est.</span> <span class='ocrx_word' id='word_1_163' title='bbox 1608 1747 1710 1796; x_wconf 91' lang='lat' dir='ltr'>Sed</span> 
     </span>
     <span class='ocr_line' id='line_1_25' title="bbox 216 1816 1711 1868; baseline -0.004 -1"><span class='ocrx_word' id='word_1_164' title='bbox 216 1825 268 1868; x_wconf 89' lang='lat' dir='ltr'>in</span> <span class='ocrx_word' id='word_1_165' title='bbox 307 1820 543 1866; x_wconf 87' lang='lat' dir='ltr'>Miltiade</span> <span class='ocrx_word' id='word_1_166' title='bbox 581 1826 691 1865; x_wconf 87' lang='lat' dir='ltr'>erat</span> <span class='ocrx_word' id='word_1_167' title='bbox 727 1835 842 1865; x_wconf 94' lang='lat' dir='ltr'>cum</span> <span class='ocrx_word' id='word_1_168' title='bbox 879 1834 1075 1864; x_wconf 88' lang='lat' dir='ltr'>summa</span> <span class='ocrx_word' id='word_1_169' title='bbox 1110 1816 1398 1863; x_wconf 86' lang='lat' dir='ltr'>humanit-as</span> <span class='ocrx_word' id='word_1_170' title='bbox 1435 1823 1547 1863; x_wconf 87' lang='lat' dir='ltr'>tum</span> <span class='ocrx_word' id='word_1_171' title='bbox 1582 1819 1711 1862; x_wconf 90' lang='lat' dir='ltr'>mira</span> 
     </span>
     <span class='ocr_line' id='line_1_26' title="bbox 216 1883 1710 1942; baseline -0.003 -7"><span class='ocrx_word' id='word_1_172' title='bbox 216 1891 569 1942; x_wconf 86' lang='lat' dir='ltr'>communitas,</span> <span class='ocrx_word' id='word_1_173' title='bbox 600 1894 658 1933; x_wconf 94' lang='lat' dir='ltr'>ut</span> <span class='ocrx_word' id='word_1_174' title='bbox 688 1902 837 1932; x_wconf 91' lang='lat' dir='ltr'>nemo</span> <span class='ocrx_word' id='word_1_175' title='bbox 867 1892 976 1932; x_wconf 91' lang='lat' dir='ltr'>tam</span> <span class='ocrx_word' id='word_1_176' title='bbox 1005 1884 1205 1931; x_wconf 84' lang='lat' dir='ltr'>humilis</span> <span class='ocrx_word' id='word_1_177' title='bbox 1238 1890 1373 1931; x_wconf 90' lang='lat' dir='ltr'>esset</span> <span class='ocrx_word' id='word_1_178' title='bbox 1403 1886 1483 1930; x_wconf 90' lang='lat' dir='ltr'>cui</span> <span class='ocrx_word' id='word_1_179' title='bbox 1512 1900 1614 1930; x_wconf 92' lang='lat' dir='ltr'>non</span> <span class='ocrx_word' id='word_1_180' title='bbox 1645 1883 1710 1931; x_wconf 91' lang='lat' dir='ltr'>ad</span> 
     </span>
    </p>
   </div>
   <div class='ocr_carea' id='block_1_3' title="bbox 277 2026 1360 2237">
    <p class='ocr_par' dir='ltr' id='par_1_6' title="bbox 280 2026 296 2050">
     <span class='ocr_line' id='line_1_27' title="bbox 280 2026 296 2050; baseline 0 0"><span class='ocrx_word' id='word_1_181' title='bbox 280 2026 296 2050; x_wconf 90' lang='lat'>1</span> 
     </span>
    </p>

    <p class='ocr_par' dir='ltr' id='par_1_7' title="bbox 277 2037 1360 2178">
     <span class='ocr_line' id='line_1_28' title="bbox 277 2037 1360 2129; baseline -0.004 -10"><span class='ocrx_word' id='word_1_182' title='bbox 277 2080 294 2103; x_wconf 82' lang='lat'>2</span> <span class='ocrx_word' id='word_1_183' title='bbox 323 2037 590 2129; x_wconf 54' lang='grc' dir='ltr'>ἕξὲἓὲἔᾶῑαε,</span> <span class='ocrx_word' id='word_1_184' title='bbox 613 2077 840 2128; x_wconf 66' lang='grc' dir='ltr'>Εοηραεῖῖς</span> <span class='ocrx_word' id='word_1_185' title='bbox 880 2076 1078 2127; x_wconf 79' lang='lat' dir='ltr'>Sagoras,</span> <span class='ocrx_word' id='word_1_186' title='bbox 1101 2079 1203 2123; x_wconf 89' lang='lat' dir='ltr'>etc.,</span> <span class='ocrx_word' id='word_1_187' title='bbox 1225 2074 1360 2115; x_wconf 80' lang='lat' dir='ltr'><strong><em>MSS.</em></strong></span> 
     </span>
     <span class='ocr_line' id='line_1_29' title="bbox 279 2129 1113 2178; baseline -0.004 -7"><span class='ocrx_word' id='word_1_188' title='bbox 279 2133 296 2157; x_wconf 80' lang='lat'>³</span> <span class='ocrx_word' id='word_1_189' title='bbox 325 2133 523 2178; x_wconf 88' lang='lat' dir='ltr'>nimiam,</span> <span class='ocrx_word' id='word_1_190' title='bbox 547 2132 712 2178; x_wconf 74' lang='lat' dir='ltr'>Gemss3</span> <span class='ocrx_word' id='word_1_191' title='bbox 745 2131 956 2177; x_wconf 90' lang='lat' dir='ltr'>omnium,</span> <span class='ocrx_word' id='word_1_192' title='bbox 979 2129 1113 2169; x_wconf 74' lang='lat' dir='ltr'><em>MSS.</em></span> 
     </span>
    </p>

    <p class='ocr_par' dir='ltr' id='par_1_8' title="bbox 280 2185 946 2237">
     <span class='ocr_line' id='line_1_30' title="bbox 280 2185 946 2237; baseline -0.005 -12"><span class='ocrx_word' id='word_1_193' title='bbox 280 2187 297 2210; x_wconf 72' lang='lat'>4</span> <span class='ocrx_word' id='word_1_194' title='bbox 324 2186 756 2237; x_wconf 84' lang='lat' dir='ltr'>magistratibusque,</span> <span class='ocrx_word' id='word_1_195' title='bbox 780 2185 832 2222; x_wconf 75' lang='lat' dir='ltr'><em>M</em></span> <span class='ocrx_word' id='word_1_196' title='bbox 849 2185 888 2223; x_wconf 84' lang='lat' dir='ltr'><em>R</em></span> <span class='ocrx_word' id='word_1_197' title='bbox 905 2198 946 2223; x_wconf 85' lang='lat' dir='ltr'>u.</span> 
     </span>
    </p>
   </div>
   <div class='ocr_carea' id='block_1_4' title="bbox 225 2235 1712 2341">
    <p class='ocr_par' dir='ltr' id='par_1_9' title="bbox 225 2235 1712 2341">
     <span class='ocr_line' id='line_1_31' title="bbox 280 2235 1712 2288; baseline -0.003 -8"><span class='ocrx_word' id='word_1_198' title='bbox 280 2239 297 2264; x_wconf 86' lang='lat'>⁵</span> <span class='ocrx_word' id='word_1_199' title='bbox 325 2240 592 2285; x_wconf 84' lang='lat' dir='ltr'>Chersonesi,</span> <span class='ocrx_word' id='word_1_200' title='bbox 612 2252 723 2278; x_wconf 73' lang='lat' dir='ltr'>some</span> <span class='ocrx_word' id='word_1_201' title='bbox 746 2237 923 2288; x_wconf 73' lang='lat' dir='ltr'>inferior</span> <span class='ocrx_word' id='word_1_202' title='bbox 941 2237 994 2276; x_wconf 88' lang='lat' dir='ltr'><em>M</em></span> <span class='ocrx_word' id='word_1_203' title='bbox 997 2235 1101 2284; x_wconf 79' lang='lat' dir='ltr'><strong><em>SS.;</em></strong></span> <span class='ocrx_word' id='word_1_204' title='bbox 1135 2236 1436 2283; x_wconf 85' lang='lat' dir='ltr'>Chersonesso,</span> <span class='ocrx_word' id='word_1_205' title='bbox 1459 2236 1496 2276; x_wconf 82' lang='lat' dir='ltr'><strong><em>A</em></strong></span> <span class='ocrx_word' id='word_1_206' title='bbox 1517 2237 1556 2276; x_wconf 89' lang='lat' dir='ltr'><em>B</em></span> <span class='ocrx_word' id='word_1_207' title='bbox 1572 2236 1612 2276; x_wconf 94' lang='lat' dir='ltr'><em>P</em></span> <span class='ocrx_word' id='word_1_208' title='bbox 1627 2236 1666 2277; x_wconf 88' lang='lat' dir='ltr'><em>R</em></span> <span class='ocrx_word' id='word_1_209' title='bbox 1682 2249 1712 2276; x_wconf 83' lang='lat' dir='ltr'>u</span> 
     </span>
     <span class='ocr_line' id='line_1_32' title="bbox 225 2291 889 2341; baseline -0.003 -8"><span class='ocrx_word' id='word_1_210' title='bbox 225 2293 340 2341; x_wconf 82' lang='lat' dir='ltr'>Can3</span> <span class='ocrx_word' id='word_1_211' title='bbox 379 2295 427 2332; x_wconf 88' lang='lat' dir='ltr'>in</span> <span class='ocrx_word' id='word_1_212' title='bbox 448 2293 726 2339; x_wconf 88' lang='lat' dir='ltr'>Chersoneso,</span> <span class='ocrx_word' id='word_1_213' title='bbox 749 2291 889 2332; x_wconf 70' lang='lat' dir='ltr'>fleck.</span> 
     </span>
    </p>
   </div>
   <div class='ocr_carea' id='block_1_5' title="bbox 224 2444 1710 2552">
    <p class='ocr_par' dir='ltr' id='par_1_10' title="bbox 224 2444 1710 2552">
     <span class='ocr_line' id='line_1_33' title="bbox 284 2444 1710 2498; baseline 0 -12"><span class='ocrx_word' id='word_1_214' title='bbox 284 2447 300 2472; x_wconf 85' lang='lat'>1</span> <span class='ocrx_word' id='word_1_215' title='bbox 327 2447 419 2486; x_wconf 90' lang='lat' dir='ltr'>The</span> <span class='ocrx_word' id='word_1_216' title='bbox 440 2446 566 2486; x_wconf 81' lang='lat' dir='ltr'>truth</span> <span class='ocrx_word' id='word_1_217' title='bbox 587 2446 632 2485; x_wconf 81' lang='lat' dir='ltr'>of</span> <span class='ocrx_word' id='word_1_218' title='bbox 653 2447 729 2486; x_wconf 88' lang='lat' dir='ltr'>the</span> <span class='ocrx_word' id='word_1_219' title='bbox 751 2449 992 2486; x_wconf 79' lang='lat' dir='ltr'>statement</span> <span class='ocrx_word' id='word_1_220' title='bbox 1012 2446 1047 2486; x_wconf 89' lang='lat' dir='ltr'>is</span> <span class='ocrx_word' id='word_1_221' title='bbox 1068 2444 1287 2485; x_wconf 76' lang='lat' dir='ltr'>doubtful.</span> <span class='ocrx_word' id='word_1_222' title='bbox 1342 2444 1594 2486; x_wconf 87' lang='lat' dir='ltr'>Herodotus</span> <span class='ocrx_word' id='word_1_223' title='bbox 1607 2457 1710 2498; x_wconf 81' lang='lat' dir='ltr'>says</span> 
     </span>
     <span class='ocr_line' id='line_1_34' title="bbox 224 2500 641 2552; baseline 0 -12"><span class='ocrx_word' id='word_1_224' title='bbox 224 2501 409 2552; x_wconf 86' lang='lat' dir='ltr'>nothing</span> <span class='ocrx_word' id='word_1_225' title='bbox 432 2500 569 2540; x_wconf 82' lang='lat' dir='ltr'>about</span> <span class='ocrx_word' id='word_1_226' title='bbox 590 2501 641 2540; x_wconf 90' lang='lat' dir='ltr'>it.</span> 
     </span>
    </p>
   </div>
   <div class='ocr_carea' id='block_1_6' title="bbox 229 2579 321 2640">
    <p class='ocr_par' dir='ltr' id='par_1_11' title="bbox 229 2579 321 2640">
     <span class='ocr_line' id='line_1_35' title="bbox 229 2579 321 2640; baseline 0.011 -16"><span class='ocrx_word' id='word_1_227' title='bbox 229 2579 321 2640; x_wconf 74' lang='lat'>386</span> 
     </span>
    </p>
   </div>
  </div>
 </body>
</html>
