1802 2942
590 189 642 237 L.
692 188 1028 235 ANNAEUS
1078 187 1349 236 FLORUS

146 325 198 366 37
233 335 337 365 nos.
410 317 536 364 Aliis
575 317 760 374 oculos,
798 318 906 363 aliis
943 333 1120 370 manus
1155 317 1501 378 amputabant,
1539 321 1625 363 uni
1663 332 1718 364 os

233 401 485 456 obsutum,
509 402 667 444 recisa
692 401 827 459 prius
862 397 1053 460 lingua,
1079 414 1229 459 quam
1266 401 1319 442 in
1356 414 1509 443 manu
1534 404 1720 444 tenens

248 481 485 526 barbarus
528 479 834 525 “tandem''
875 482 946 525 ait
988 482 1211 540 “vipera
1253 478 1452 524 sibilare
1495 478 1718 525 desisti.''

147 569 200 608 38
238 561 400 623 Ipsius
425 577 625 623 quoque
662 559 878 606 consulis
911 576 1104 621 corpus,
1132 559 1265 621 quod
1301 559 1521 605 militum
1556 563 1719 621 pietas

234 642 374 688 humi
421 641 702 698 abdiderat,
742 641 985 689 effossum.
1082 640 1237 702 Signa
1276 647 1330 686 et
1371 640 1561 702 aquilas
1597 641 1721 687 duas

234 723 397 769 adhuc
422 723 618 768 barbari
644 721 921 784 possident,
941 725 1145 767 tertiam
1166 720 1392 783 signifer,
1414 725 1549 782 prius
1569 737 1720 784 quam

234 809 286 849 in
319 819 497 849 manus
530 803 751 849 hostium
777 806 992 859 veniret,
1028 802 1208 848 evolsit
1240 818 1556 864 mersamque
1589 805 1722 848 intra

234 885 389 931 baltei
438 887 512 930 sui
560 884 779 930 latebras
817 899 1000 945 gerens
1046 886 1099 928 in
1155 889 1366 929 cruenta
1418 882 1603 944 palude
1652 886 1721 929 sic

232 966 395 1013 latuit.
479 965 591 1011 Hac
634 963 777 1010 clade
819 963 1028 1022 factum,
1071 970 1129 1010 ut
1176 967 1460 1026 imperium,
1499 963 1633 1026 quod
1668 967 1722 1010 in

144 1054 195 1094 39
231 1047 378 1093 litore
415 1046 607 1093 Oceani
650 1062 753 1091 non
793 1044 1044 1104 steterat,1
1069 1048 1123 1090 in
1158 1048 1266 1107 ripa
1305 1044 1470 1092 Rheni
1504 1044 1723 1092 fluminis

231 1135 403 1175 staret.

564 1318 757 1369 XXXI.
797 1319 1000 1365 BELLVM
1038 1318 1363 1365 GAETvmcvm

143 1421 196 1460 40
301 1414 448 1459 HAEC
472 1413 536 1459 ad
561 1416 964 1475 septentrionem
984 1429 994 1458 :
1025 1415 1117 1460 sub
1142 1413 1421 1460 meridiano
1445 1413 1721 1460 tumultua-

232 1502 341 1542 tum
378 1498 537 1556 magis
573 1510 722 1556 quam
759 1494 1005 1541 bellatum
1042 1500 1137 1542 est.
1225 1494 1532 1540 Musulamos
1567 1501 1721 1556 atque

234 1574 489 1632 Gaetulos,
530 1574 721 1620 accolas
759 1573 998 1636 Syrtium,
1037 1574 1187 1620 Cosso
1223 1574 1352 1620 duce
1379 1578 1722 1636 compescuit3

234 1655 369 1701 unde
407 1655 480 1699 illi
507 1654 759 1701 Gaetulici
785 1671 971 1701 nomen
995 1654 1147 1701 latius
1182 1671 1332 1717 quam
1367 1658 1474 1716 ipsa
1498 1659 1718 1717 victoria.

142 1744 195 1782 41
235 1735 559 1782 Marmaridas
587 1742 741 1797 atque
769 1736 1100 1781 Garamantes
1126 1734 1391 1793 Quirinio2
1416 1735 1722 1797 subigendos

235 1816 391 1863 dedit.
496 1815 666 1861 Potuit
735 1822 788 1862 et
853 1816 938 1862 ille
994 1816 1159 1862 redire
1232 1816 1573 1874 Marmaricus,
1632 1817 1721 1863 sed

231 1897 505 1944 modestior
529 1899 583 1941 in
606 1896 918 1942 aestimanda
942 1899 1146 1943 victoria
1169 1895 1282 1944 fuit.

568 2133 784 2180 XXXII.
826 2132 1027 2179 BELLVM
1066 2133 1374 2179 ARMENICVM

144 2241 197 2280 42
303 2236 384 2281 An
423 2238 672 2281 orientem
717 2233 829 2296 plus
871 2236 1066 2295 negotii
1105 2250 1218 2279 cum
1260 2233 1527 2280 Armeniis.
1603 2233 1721 2280 Huc

233 2315 447 2361 alterum
473 2331 534 2360 ex
561 2314 866 2370 Caesaribus,
893 2315 1162 2375 nepotibus
1187 2317 1304 2370 suis,
1328 2317 1481 2361 misit.
1555 2315 1721 2360 Ambo

288 2427 304 2451 ²
331 2440 417 2466 non
438 2432 626 2467 steterat
647 2427 953 2467 Baehrensius:
985 2427 1247 2466 constiterat
1267 2428 1377 2467 codd.

233 2481 314 2574 P²l
337 2480 561 2574 (guirinioz
603 2480 794 2533 quirjnio
824 2480 870 2521 N
897 2493 975 2522 om.
1029 2481 1069 2521 Β
1080 2494 1093 2522 z
1141 2481 1307 2520 curinio
1339 2481 1376 2522 L
1413 2481 1523 2523 Voss.
1554 2481 1714 2536 Monac.

269 2548 296 2574 a
316 2548 343 2574 a
362 2566 370 2575 .

236 2619 331 2665 340
