1802 2942
613 170 1008 218 CORNELIUS
1053 171 1274 220 NEPOS
1338 219 1341 221 Α

186 313 242 344 se
276 301 607 344 antecessisse
641 302 967 345 existimavit.
1036 299 1133 345 Hic
1164 303 1402 362 sequenti
1433 307 1682 363 tempore,

187 391 303 421 cum
333 383 539 437 praetor
569 375 780 422 classem
812 376 878 422 ad
909 376 1134 422 Ciliciam
1154 378 1174 408 1
1207 377 1487 438 appulisset
1515 395 1683 442 neque

186 455 310 498 satis
344 452 618 515 diligenter
649 456 702 499 in
736 457 911 500 castris
948 456 1054 500 eius
1091 462 1367 517 agerentur
1399 455 1620 518 vigiliae,
1656 472 1685 502 a

187 529 432 585 barbaris,
463 547 525 576 ex
555 531 741 592 oppido
770 538 926 577 noctu
956 534 1223 593 eruptione
1253 530 1407 588 facta,
1436 535 1488 578 in
1515 533 1686 580 taber-

188 607 368 653 naculo
390 607 692 654 interfectus
717 616 811 655 est.

704 797 793 843 IX.
832 797 1071 844 CONON

251 892 299 943 1.
338 894 511 941 Conon
545 894 872 942 Atheniensis
908 895 1275 957 Peloponnesio
1308 895 1442 943 bello
1477 901 1688 945 accessit

189 972 255 1018 ad
288 988 396 1018 rem
429 972 701 1035 publicam,
736 976 788 1019 in
823 990 986 1036 eoque
1021 977 1128 1019 eius
1164 990 1320 1035 opera
1352 978 1526 1037 magni
1561 973 1688 1030 fuit3

188 1066 308 1095 nam
345 1057 398 1096 et
432 1058 638 1112 praetor
672 1051 995 1113 pedestribus
1033 1051 1340 1097 exercitibus
1376 1051 1599 1113 praefuit
1635 1059 1689 1099 et

188 1126 478 1189 praefectus
502 1127 670 1174 classis
693 1145 772 1174 res
792 1128 811 1157 2
834 1145 1045 1191 magnas
1069 1131 1196 1173 mari
1218 1132 1392 1191 gessit.
1462 1129 1601 1188 Quas
1625 1131 1689 1177 ob

188 1221 364 1251 causas
406 1209 707 1268 praecipuus
752 1209 798 1252 ei
839 1205 998 1252 honos
1041 1205 1245 1252 habitus
1291 1213 1384 1253 est.
1455 1206 1689 1270 Namque

189 1284 421 1329 omnibus
439 1300 567 1329 unus
585 1283 757 1330 insulis
775 1282 1016 1346 praefuit,
1032 1286 1085 1329 in
1103 1300 1204 1346 qua
1220 1290 1482 1345 potestate
1501 1283 1690 1332 Pheras

138 1366 163 1403 2
188 1364 341 1422 cepit,
374 1361 622 1407 coloniam
655 1361 1192 1408 Lacedaemoniorum.
1264 1361 1382 1408 Fuit
1415 1365 1572 1408 etiam
1605 1379 1692 1409 ex-

189 1444 355 1484 tremo
387 1438 755 1501 Peloponnesio
786 1438 920 1485 bello
950 1446 1174 1501 praetor,
1205 1455 1320 1485 cum
1352 1440 1489 1502 apud
1519 1440 1691 1503 Aegos

189 1515 381 1562 flumen
415 1520 590 1579 copiae
624 1516 1019 1563 Atheniensium
1054 1517 1117 1562 ab
1154 1515 1418 1579 Lysandro
1452 1525 1572 1564 sunt
1605 1518 1693 1564 de-

190 1596 371 1640 victae.
441 1593 542 1641 Sed
565 1601 677 1641 tum
703 1593 849 1650 afuit,
875 1610 1038 1657 eoque
1063 1597 1207 1656 peius
1232 1610 1312 1641 res
1338 1595 1692 1642 administrata

192 1678 298 1726 est3
352 1688 470 1718 nam
509 1679 563 1718 et
597 1672 819 1734 prudens
855 1675 930 1718 rei
965 1671 1196 1718 militaris
1237 1678 1291 1718 et
1327 1671 1542 1735 diligens
1580 1679 1692 1719 erat

139 1756 164 1795 3
189 1751 480 1810 imperator.
552 1749 736 1812 Itaque
795 1752 987 1795 nemini
1048 1756 1159 1795 erat
1217 1749 1316 1796 iis³
1377 1750 1692 1812 temporibus

191 1826 419 1882 dubium,
447 1830 487 1873 si
516 1826 781 1883 adfuisset,
807 1827 946 1873 illam
973 1825 1317 1874 Athenienses
1345 1826 1693 1874 calamitatem

192 1912 487 1966 accepturos
513 1922 615 1951 non
637 1903 808 1951 fuisse.

254 1980 302 2031 2.
341 1982 511 2028 Rebus
555 1989 731 2029 autem
776 1981 1008 2038 adflictis,
1052 1999 1167 2029 cum
1210 1985 1430 2045 patriam
1473 1982 1693 2030 obsideri

192 2059 436 2115 audisset,
477 2077 579 2106 non
621 2063 872 2123 quaesivit
914 2061 1000 2106 ubi
1041 2063 1150 2122 ipse
1191 2066 1307 2107 tuto
1347 2063 1560 2116 viveret,
1601 2060 1693 2107 sed

307 2181 324 2206 ¹
353 2181 562 2228 Ciliciam,
586 2181 810 2232 Lonqueik
851 2181 1056 2227 Siciliam,
1080 2181 1215 2222 MSS.

304 2235 322 2311 Ξ
350 2237 660 2328 Ξαὲῐᾶῗςὲυατί
681 2236 900 2282 victorias,
921 2236 982 2283 P;
1015 2247 1195 2287 magnas
1217 2235 1328 2274 mari
1346 2247 1427 2282 res,
1449 2232 1588 2285 Nipp.

399 2302 432 2335 s,
470 2302 473 2312 ³
582 2320 590 2328 .

204 2398 209 2401 ἵ
256 2416 273 2441 ²
303 2418 371 2456 He
402 2431 489 2457 was
520 2418 630 2457 slain
661 2417 721 2469 by
749 2418 824 2457 the
852 2416 1126 2459 inhabitants
1158 2417 1203 2457 of
1232 2417 1460 2469 Aspendus
1489 2418 1536 2456 in
1567 2416 1691 2456 Pam-

201 2471 366 2564 phlffliau
395 2471 492 2511 who
520 2484 629 2511 were
657 2472 942 2524 exasperated
969 2475 1017 2512 at
1044 2471 1119 2511 the
1147 2472 1311 2511 riotous
1339 2471 1528 2512 conduct
1555 2470 1601 2511 of
1627 2470 1692 2511 his

201 2538 247 2564 so
312 2538 391 2565 ers.

200 2592 292 2650 466
