1747 2912
78 393 124 432 13

75 797 124 835 14

76 1443 123 1482 15

76 2006 126 2045 16

523 178 577 224 L.
629 176 961 223 ANNAEUS
1013 176 1145 222 FLO
1155 176 1283 223 RUS

162 305 338 368 religio
368 305 569 367 publica
601 308 807 367 privatis
833 303 1115 349 adfectibus
1145 302 1500 350 antecellebat.
1571 303 1652 351 Iu-

160 393 341 432 ventus
374 402 509 443 vero,
535 402 684 448 quam
717 389 836 431 satis
871 390 1068 430 constat
1101 387 1181 429 vix
1214 384 1354 430 mille
1389 384 1653 431 hominum

160 467 328 524 fuisse,
347 467 474 513 duce
503 466 692 511 Manlio
711 466 729 494 1
749 482 915 511 arcem
942 464 1210 526 Capitolini
1237 467 1422 511 montis
1447 465 1653 522 insedit,

161 549 413 593 obtestata
449 551 613 609 ipsum
649 550 790 609 quasi
826 552 1147 608 praesentem
1185 532 1373 603 Iovem',
1407 552 1465 592 ut
1500 563 1653 609 quem

161 629 225 674 ad
259 628 463 674 modum
500 632 594 689 ipsi
629 628 693 673 ad
741 627 1125 674 defendendum
1161 626 1410 688 templum
1447 643 1653 673 concur-

161 713 361 766 rissent,
386 713 457 755 ita
481 709 567 755 ille
594 712 835 755 virtutem
861 724 1034 754 eorum
1060 710 1269 753 numine
1293 723 1382 753 suo
1406 714 1648 754 tueretur.

161 789 390 836 Aderant
449 793 655 835 interim
703 788 836 834 Galli
889 794 1218 850 apertamque
1266 788 1443 834 urbem
1490 792 1652 850 primo

160 871 365 932 trepidi,
391 887 455 916 ne
481 874 590 933 quis
617 871 845 916 subesset
871 869 1030 927 dolus,
1056 886 1187 926 mox,
1213 871 1299 916 ubi
1325 869 1652 917 solitudinem

161 951 353 1008 vident,
379 955 484 1013 pari
518 950 734 997 clamore
769 957 822 997 et
853 954 1050 1012 impetu
1087 950 1347 996 invadunt.
1423 951 1650 997 Patentis

160 1036 341 1094 passim
389 1032 562 1078 domos
604 1031 811 1078 adeunt.
900 1031 976 1076 Ibi
1019 1030 1257 1077 sedentes
1304 1034 1358 1076 in
1399 1031 1653 1078 curulibus

158 1117 256 1159 suis
292 1119 639 1174 praetextatos
678 1128 823 1158 senes
856 1111 997 1158 velut
1033 1111 1154 1158 deos
1190 1115 1468 1175 geniosque
1500 1128 1653 1159 vene-

160 1197 272 1250 rati,
297 1210 413 1239 mox
451 1193 672 1249 eosdem,
697 1199 963 1255 postquam
1001 1208 1109 1238 esse
1142 1192 1373 1239 homines
1409 1193 1650 1256 liquebat,

160 1273 381 1336 alioquin
417 1274 543 1319 nihil
587 1273 895 1336 respondere
938 1272 1208 1335 dignantes
1250 1276 1357 1335 pari
1394 1274 1654 1320 vaecordia

160 1362 400 1411 mactant,
438 1354 672 1416 facesque
719 1357 871 1401 tectis
910 1357 1142 1411 iniciunt,
1179 1360 1233 1400 et
1274 1361 1437 1400 totam
1475 1355 1653 1401 urbem

159 1439 265 1497 igni
301 1435 434 1481 ferro
470 1437 699 1481 manibus
738 1441 1037 1497 exaequant.
1111 1434 1208 1481 Sex
1247 1436 1506 1482 mensibus
1542 1436 1654 1481 bar-

160 1517 445 1578 bari—quis
489 1516 721 1562 crederet
738 1517 955 1561 ?—circa
997 1522 1227 1561 montem
1268 1532 1425 1562 unum
1465 1532 1654 1578 pepen-

161 1597 361 1653 derunt,
378 1613 472 1643 nec
498 1597 675 1642 diebus
700 1596 866 1652 modO,
884 1596 971 1642 sed
998 1598 1233 1642 noctibus
1259 1613 1460 1659 quoque
1485 1601 1653 1643 omnia

163 1681 390 1739 experti3
428 1694 540 1723 cum
578 1684 750 1723 tamen
789 1677 1007 1723 Manlius
1040 1683 1191 1723 nocte
1226 1679 1489 1725 subeuntis
1521 1677 1654 1724 clan-

163 1775 283 1819 gore
317 1762 505 1804 anseris
543 1762 790 1804 excitatus
825 1775 854 1802 a
889 1774 1083 1804 summa
1116 1774 1242 1819 rupe
1278 1757 1482 1816 deiecit,
1508 1766 1562 1805 et
1597 1766 1655 1806 ut

163 1855 305 1899 spem
329 1839 556 1885 hostibus
583 1838 830 1895 demeret,
849 1855 1151 1900 quamquam
1176 1842 1229 1884 in
1253 1855 1447 1884 summa
1462 1838 1481 1868 2
1505 1838 1655 1898 fame,

161 1925 333 1965 tamen
368 1919 430 1964 ad
469 1922 688 1980 speciem
724 1918 935 1965 fiduciae
974 1935 1128 1980 panes
1164 1920 1227 1964 ab
1262 1936 1376 1966 arce
1410 1919 1654 1968 iaculatus

162 2007 252 2045 est.
345 2000 412 2046 Et
460 2006 591 2046 stato
640 2000 856 2062 quodam
917 1999 998 2046 die
1046 2015 1137 2061 per
1181 1999 1372 2046 medias
1432 2000 1653 2048 hostium

162 2080 411 2126 custodias
456 2080 664 2126 Fabium
706 2081 995 2142 pontificem
1044 2081 1107 2126 ab
1155 2096 1267 2126 arce
1315 2080 1521 2138 dimisit,
1569 2085 1654 2144 qui

162 2160 405 2207 sollemne
465 2177 659 2207 sacrum
717 2165 768 2206 in
829 2160 1077 2218 Quirinali
1134 2167 1308 2208 monte
1367 2162 1649 2210 conficeret.

625 2306 641 2332 ²
670 2306 864 2346 Manlioz
897 2307 1081 2346 Manilio
1101 2308 1151 2348 B.

624 2361 641 2386 ²
670 2374 1003 2413 rupe—summa
1023 2375 1101 2401 om.
1126 2362 1175 2401 B.

506 2515 522 2541 ²
550 2518 618 2558 i.e.
643 2516 810 2557 tutelar
831 2515 989 2556 deities
1009 2515 1054 2556 of
1073 2516 1149 2556 the
1169 2516 1306 2568 place.

161 2609 225 2651 44
