1802 2942
660 154 1055 205 CORNELIUS
1100 153 1321 203 NEPOS

239 292 407 352 specie
460 291 658 351 imperii
710 290 1028 350 nominisque
1081 286 1402 334 simulatione
1454 285 1733 333 Alexandri

191 374 216 414 3
237 366 427 413 bellum
454 367 713 413 videretur
739 366 1107 413 administrare.
1175 364 1326 423 Quod
1353 362 1521 410 effecit
1537 363 1588 433 ;,1
1613 379 1732 410 nam

240 460 355 490 cum
392 461 493 490 non
532 443 596 490 ad
632 443 875 490 Eumenis
912 445 1174 506 principia,
1211 442 1303 489 sed
1339 441 1405 488 ad
1440 437 1582 505 regia
1617 457 1733 488 con-

238 524 497 568 veniretur
521 528 677 584 atque
711 521 782 567 ibi
817 520 882 567 de
916 521 1067 567 rebus
1104 519 1489 575 deliberaretur,
1512 519 1733 582 quodam

238 599 388 646 modo
412 598 628 654 latebat,
654 615 769 645 cum
793 605 969 645 tamen
992 614 1085 661 per
1110 614 1227 644 eum
1251 614 1409 644 unum
1433 603 1734 661 gererentur

239 679 423 724 omnia.

297 752 344 803 8.
388 753 484 800 Hic
518 756 571 800 in
606 753 894 800 Paraetacis
926 769 1042 800 cum
1069 753 1330 817 Antigono
1361 751 1605 809 conflixit,
1631 769 1732 800 non

240 834 346 878 acie
369 834 634 887 instructa,
657 831 748 878 sed
769 834 822 877 in
842 834 1044 887 itinere,
1068 847 1288 894 eumque
1309 829 1443 877 male
1467 837 1733 893 acceptum

237 911 290 955 in
313 908 544 955 Mediam
564 908 847 955 hiematum
868 911 1037 972 coegit
1056 908 1238 955 redire.
1307 908 1425 971 Ipse
1445 911 1497 954 in
1519 907 1734 955 finitima

237 989 445 1049 regione
492 985 709 1033 Persidis
754 985 1038 1033 hiematum
1082 989 1250 1049 copias
1297 985 1484 1042 divisit,
1528 1002 1630 1032 non
1674 992 1733 1033 ut

188 1069 213 1108 2
236 1063 412 1119 voluit,
448 1064 539 1110 sed
575 1071 634 1110 ut
669 1063 888 1111 militum
925 1064 1144 1127 cogebat
1180 1062 1428 1110 voluntas.
1496 1063 1730 1127 Namque

237 1141 322 1187 illa
364 1140 586 1203 phalanx
629 1141 909 1188 Alexandri
955 1141 1152 1205 Magni,
1196 1157 1328 1204 quae
1371 1141 1547 1188 Asiam
1588 1158 1734 1204 pera·

236 1226 410 1282 grarat
451 1219 811 1282 deviceratque
853 1217 1050 1275 Persas,
1090 1221 1379 1266 inveterata
1418 1235 1534 1266 cum
1574 1218 1733 1283 gloria

237 1303 350 1343 tum
401 1299 557 1342 etiam
605 1296 828 1353 licentia,
877 1312 979 1343 non
1027 1312 1207 1359 parere
1257 1312 1312 1343 se
1362 1296 1591 1353 ducibus,
1640 1297 1732 1345 sed

235 1376 486 1436 imperare
510 1373 822 1436 postulabat,
846 1380 906 1421 ut
929 1390 1062 1420 nunc
1086 1377 1316 1420 veterani
1339 1373 1534 1421 faciunt
1557 1377 1731 1422 nostri.

238 1451 422 1514 Itaque
456 1451 736 1514 periculum
773 1458 851 1498 est
885 1468 950 1498 ne
984 1450 1175 1498 faciant
1209 1452 1346 1515 quod
1378 1451 1449 1497 illi
1482 1450 1732 1508 fecerunt,

237 1545 329 1575 sua
390 1532 789 1591 intemperantia
851 1531 1109 1592 nimiaque
1171 1528 1379 1576 licentia
1440 1536 1500 1576 ut
1562 1533 1731 1577 omnia

236 1606 456 1669 perdant
479 1622 647 1669 neque
671 1609 837 1653 minus
863 1622 948 1653 eos
972 1623 1088 1653 cum
1113 1607 1295 1670 quibus
1319 1605 1553 1664 fecerint,
1577 1624 1730 1671 quam

187 1691 212 1731 3
235 1684 473 1731 adversus
502 1700 627 1746 quos
654 1687 910 1731 steterint.
979 1683 1130 1744 Quod
1157 1687 1199 1731 si
1226 1687 1337 1748 quis
1364 1684 1563 1731 illorum
1590 1692 1732 1733 vete-

235 1778 473 1808 ranorum
505 1761 648 1825 legat
679 1760 835 1817 facta,
868 1764 1010 1824 paria
1043 1760 1222 1809 horum
1256 1769 1528 1825 cognoscat
1561 1779 1729 1826 neque

234 1854 343 1885 rem
383 1837 538 1884 ullam
579 1841 673 1885 nisi
713 1846 918 1901 tempus
959 1842 1207 1886 interesse
1246 1840 1454 1887 iudicet.
1521 1838 1623 1888 Sed
1663 1840 1729 1888 ad

233 1915 342 1962 illos
384 1922 627 1963 revertar.
695 1916 924 1963 Hiberna
965 1923 1288 1979 sumpserant
1329 1934 1431 1963 non
1473 1917 1539 1965 ad
1580 1934 1727 1965 usum

235 1993 372 2050 belli,
411 1993 502 2040 sed
541 1993 606 2040 ad
643 1996 866 2055 ipsorum
903 1993 1172 2050 luxuriam,
1209 1993 1464 2059 longeque
1501 1997 1636 2042 inter
1672 2011 1727 2044 se

184 2077 211 2115 4
233 2070 585 2117 discesserant.
653 2070 764 2117 Hoc
786 2071 1073 2135 Antigonus
1095 2089 1210 2118 cum
1231 2074 1560 2134 comperisset
1579 2072 1729 2120 intel·

235 2147 536 2211 legeretque
574 2164 629 2194 se
679 2165 856 2210 parem
893 2166 996 2195 non
1034 2165 1144 2196 esse
1181 2152 1372 2211 paratis
1411 2150 1725 2207 adversariis,

234 2227 418 2272 statuit
441 2225 631 2288 aliquid
653 2227 747 2272 sibi
770 2226 961 2272 consilii
983 2229 1099 2272 novi
1122 2243 1232 2273 esse
1255 2227 1575 2289 capiendum.

303 2301 451 2348 Duae
478 2309 624 2349 erant
648 2305 758 2349 viae
784 2319 885 2366 qua
909 2319 973 2349 ex
1001 2303 1188 2360 Medis,
1212 2304 1299 2351 ubi
1333 2303 1417 2351 ille
1445 2303 1724 2362 hiemabat,

236 2378 301 2424 ad
367 2379 764 2426 adversariorum
829 2379 1156 2427 hibernacula
1219 2387 1393 2444 posset
1455 2384 1723 2445 perveniri.

547 2507 563 2532 ²
593 2506 751 2554 effecit,
773 2506 818 2546 H
820 2507 1032 2559 εῑιεὶηρεη
1069 2511 1114 2548 et
1133 2508 1252 2556 fecit,
1273 2507 1410 2549 MSS.

236 2583 324 2644 586
