1747 2912
70 657 124 697 29

69 943 122 984 30

72 1511 120 1549 31

521 141 575 188 L.
629 140 961 188 ANNAEUS
1012 141 1282 189 FLORUS

158 272 330 331 positis
355 269 447 315 sub
471 272 578 330 ipso
604 268 820 314 Caucaso
836 272 1009 314 castris
1033 271 1177 315 iussit
1201 272 1255 314 in
1272 269 1423 331 plana
1438 270 1646 316 descen-

158 365 295 421 dere,
332 371 384 410 at
411 363 684 419 Arthocen,
723 366 808 425 qui
848 364 1053 409 Hiberis
1088 363 1408 425 imperabat,1
1448 365 1647 411 obsides

157 460 339 505 liberos
387 459 536 513 dare3
585 458 827 505 Oroden2
871 462 1023 504 etiam
1071 462 1371 516 muneravit,
1407 459 1541 505 ultro
1584 461 1647 506 ab

160 554 375 599 Albania
399 570 487 599 sua
511 553 699 599 lectum
725 568 932 598 aureum
957 559 1010 598 et
1041 552 1137 597 alia
1174 552 1306 598 dona
1338 556 1644 602 mittentem.

162 650 269 696 Nec
288 665 391 695 non
424 652 476 694 in
501 648 764 694 meridiem
789 664 931 694 verso
963 651 1165 710 agmine
1197 648 1445 694 Libanum
1477 648 1648 712 Syriae

161 746 563 806 Damascumque
594 750 933 805 transgressus
958 760 1049 805 per
1080 760 1286 789 nemora
1308 743 1393 788 illa
1428 744 1649 802 odorata,

159 857 249 903 per
274 843 397 886 turis
424 846 477 885 et
501 838 709 885 balsami
734 839 880 884 silvas
908 839 1130 884 Romana
1157 842 1298 901 signa
1324 840 1645 887 circumtulit.

160 935 370 992 Arabes,
412 938 452 980 si
500 933 620 996 quid
667 937 955 995 imperaret,
998 940 1197 995 praesto
1238 933 1394 980 fuere.
1469 935 1649 981 Hiero·

160 1028 384 1092 solyma³
421 1028 701 1075 defendere
726 1034 1046 1089 temptavere
1076 1028 1283 1084 Iudaei3
1319 1045 1494 1075 verum
1525 1029 1651 1076 haec

159 1140 358 1186 quoque
384 1129 438 1169 et
461 1126 669 1169 intravit
695 1129 748 1170 et
773 1122 898 1169 vidit
922 1122 1049 1168 illud
1074 1123 1266 1185 grande
1291 1126 1458 1185 inpiae
1483 1127 1650 1185 gentis

159 1234 395 1264 arcanum
420 1223 618 1278 patens,
643 1217 735 1263 sub
771 1233 921 1263 aurea
946 1221 1049 1263 vite
1084 1217 1322 1263 caelum.4
1393 1217 1651 1264 Dissiden-

158 1314 393 1374 tibusque
435 1311 499 1358 de
540 1327 698 1373 regno
739 1311 975 1357 fratribus
1012 1312 1200 1358 arbiter
1238 1311 1401 1358 factus
1439 1328 1652 1374 regnare

160 1410 302 1453 iussit
377 1406 709 1468 Hyrcanum3
769 1405 1129 1462 Aristobolum,
1189 1410 1304 1468 quia
1379 1408 1654 1454 renovabat

159 1505 441 1564 imperium,
489 1504 540 1545 in
599 1507 802 1546 catenas
856 1500 1012 1547 dedit.
1087 1500 1166 1547 Sic
1230 1500 1467 1562 Pompeio
1524 1500 1652 1548 duce

160 1596 373 1659 populus
415 1596 664 1641 Romanus
701 1594 902 1652 totam,5
944 1612 1041 1657 qua
1075 1595 1315 1642 latissima
1351 1602 1445 1652 est,
1481 1595 1652 1642 Asiam

161 1697 477 1753 pervagatus,
520 1706 669 1752 quam
718 1696 996 1736 extremam
1035 1692 1233 1751 imperii
1274 1689 1494 1736 habebat
1539 1706 1651 1751 pro·

160 1788 373 1831 vinciam
431 1783 650 1830 mediam
698 1784 832 1830 fecit.
909 1784 1148 1846 Exceptis
1205 1787 1391 1846 quippe
1439 1783 1653 1842 Parthis,

161 1884 247 1942 qui
283 1879 460 1925 foedus
495 1878 800 1936 maluerunt,
837 1885 891 1925 et
928 1878 1084 1935 Indis,
1109 1882 1194 1940 qui
1230 1878 1396 1925 adhuc
1431 1895 1522 1925 nos
1556 1894 1652 1926 nec

160 1980 421 2030 noverant,
470 1976 630 2019 omnis
678 1974 798 2019 Asia
855 1976 991 2019 inter
1043 1973 1267 2019 Rubrum
1316 1979 1370 2019 et
1419 1973 1653 2035 Caspium

162 2076 216 2116 et
249 2069 510 2114 Oceanum
542 2067 858 2130 Pompeianis
894 2067 1086 2114 domita
1112 2067 1191 2115 vel
1227 2083 1463 2130 oppressa
1498 2071 1654 2131 signis

160 2164 444 2209 tenebatur.

290 2277 306 2354 ἒ
329 2281 417 2327 post
438 2276 683 2328 imperabat
703 2277 800 2315 adel.
823 2280 869 2316 et
887 2277 1018 2325 codd„
1042 2277 1120 2316 del.
1146 2277 1342 2317 Iahnius,

291 2384 308 2408 ³
337 2329 990 2435 gissiigssiyffigciligrfsolimam
1009 2386 1048 2424 B
1068 2400 1076 2424 :
1108 2383 1443 2436 hierosolymam
1462 2383 1521 2425 N.

295 2439 311 2462 ⁴
339 2439 457 2478 vite:
489 2439 608 2477 vitae
629 2440 678 2480 B.

291 2491 307 2515 ⁵
337 2496 504 2532 totam:
535 2496 632 2531 tota
653 2493 714 2532 B:
746 2496 891 2531 totum
913 2492 1017 2541 (-am
1039 2505 1150 2531 man.
1177 2492 1271 2541 sec.)
1291 2491 1347 2530 N.

170 2559 259 2604 188
