1747 2912
82 523 132 562 21

88 1159 149 1206 14

532 127 586 173 L.
642 126 972 173 ANNAEUS
1023 125 1294 172 FLORUS

171 256 380 302 barbaro
421 258 556 301 inter
588 254 744 316 spolia
781 254 1019 310 detraxit,
1049 253 1186 299 unde
1223 253 1478 315 Torquati.
1555 252 1661 299 Ite-

172 359 281 389 rum
323 342 590 404 Pomptino
626 357 762 403 agro,
788 358 902 387 cum
936 344 990 386 in
1026 340 1174 386 simili
1212 357 1383 402 pugna
1418 339 1662 397 Valerius,

171 429 426 476 insidente
452 428 626 490 galeae
664 445 799 474 sacra
834 428 955 474 alite
992 427 1211 484 adiutUS,
1235 427 1355 473 tulit
1381 426 1538 488 spolia
1559 443 1572 484 3
1609 433 1664 473 et

172 516 291 562 inde
330 515 540 561 Corvini.
616 515 725 561 Nec
761 531 863 560 non
905 521 1079 562 tamen
1120 520 1235 576 post
1277 514 1468 576 aliquot
1504 529 1662 560 annos

173 607 333 649 omnis
374 602 609 664 reliquias
652 618 824 648 eorum
863 604 917 647 in
961 601 1163 647 Etruria
1201 600 1264 646 ad
1307 600 1472 646 lacum
1514 599 1663 646 Vadi-

172 694 333 736 monis
382 689 648 736 Dolabella
707 688 915 747 delevit,
962 705 1027 734 ne
1077 691 1186 750 quis
1235 694 1435 734 extaret
1491 703 1552 733 ex
1606 702 1665 733 ea

175 784 347 840 gente,
407 776 531 840 qui1
591 780 850 823 incensam
916 792 945 821 a
1015 792 1067 822 se
1142 775 1416 821 Romanam
1487 775 1664 821 urbem

176 864 488 928 gloriaretur.

545 1048 715 1094 VIIII.
792 1048 993 1093 BELLVM
1033 1047 1268 1093 LATINVM

243 1158 528 1204 CoNvERsth
571 1175 598 1202 a
642 1156 799 1203 Gallis
838 1160 888 1202 in
935 1156 1140 1202 Latinos
1184 1154 1375 1200 Manlio
1413 1154 1666 1217 Torquato

180 1245 338 1291 Decio
366 1246 511 1290 Mure
537 1244 840 1300 consulibus,
867 1259 1065 1305 semper
1089 1242 1295 1305 quidem
1329 1241 1666 1289 aemulatione

177 1336 375 1394 imperii
400 1331 627 1388 infestOS,
653 1338 762 1377 tum
789 1347 906 1377 vero
931 1336 1228 1391 contemptu
1255 1329 1390 1374 urbis
1414 1333 1666 1386 incensae,

179 1436 292 1465 cum
317 1423 391 1465 ius
419 1421 634 1465 civitatis
660 1424 856 1480 partem
894 1419 1090 1480 imperii
1110 1415 1130 1445 2
1154 1423 1207 1462 et
1243 1415 1666 1478 magistratuum³

179 1512 464 1568 poscerent,
484 1505 618 1567 apud
645 1506 865 1567 Capuam
890 1504 1092 1567 proeliis
1117 1503 1358 1565 congredi
1382 1501 1669 1549 audentes.4

182 1593 296 1651 Quo
322 1600 553 1655 tempore
580 1596 689 1654 quis
716 1596 922 1639 cessisse
947 1591 1145 1638 hostem
1171 1591 1471 1636 mirabitur?
1543 1589 1668 1636 Cum

181 1680 310 1727 alter
349 1679 610 1725 consulum
653 1679 809 1724 filium
852 1695 1012 1736 suum,
1049 1681 1164 1740 quia
1196 1683 1370 1723 contra
1402 1680 1668 1739 imperium

181 1773 512 1829 pugnaverat,
560 1770 785 1829 quamvis
842 1770 1083 1812 victorem
1133 1764 1375 1811 occiderit
1432 1763 1668 1810 ostende-

184 1858 349 1917 ritque
378 1853 489 1915 plus
527 1869 635 1900 esse
673 1857 722 1898 in
762 1857 973 1915 imperio
1011 1869 1160 1915 quam
1185 1855 1238 1897 in
1264 1854 1505 1906 victoria;
1540 1850 1670 1897 alter

183 1944 322 2004 quasi
371 1944 568 1986 monitu
617 1940 826 1986 deorum
875 1943 1041 2002 capite
1083 1939 1250 1985 velato
1297 1941 1509 2001 primam
1549 1944 1670 1984 ante

183 2032 341 2074 aciem
368 2028 444 2074 dis
469 2029 698 2073 manibus
732 2043 784 2074 se
822 2027 1099 2084 devoverit,
1124 2031 1181 2072 ut
1216 2028 1269 2070 in
1305 2024 1670 2071 confertissima

184 2132 235 2161 se
273 2115 493 2161 hostium
528 2114 632 2160 tela
670 2113 912 2160 iaculatus
955 2129 1141 2159 novum
1179 2112 1244 2158 ad
1282 2115 1539 2159 victoriam
1573 2115 1672 2158 iter

184 2204 439 2263 sanguinis
464 2205 539 2247 sui
564 2201 724 2248 limite
749 2204 981 2262 aperiret.

365 2328 378 2352 ¹
409 2329 485 2381 qui
506 2330 568 2368 L:
601 2342 712 2380 quae
733 2328 856 2368 ΒΖΝ,

366 2382 382 2406 ²
411 2390 583 2435 partem
604 2384 776 2434 imperii
797 2382 1094 2422 Rossbachius:
1123 2380 1218 2433 pari
1241 2380 1425 2432 imperio
1445 2381 1522 2422 BI.

365 2435 382 2460 ⁸
413 2437 751 2489 magistratuum
772 2437 1064 2475 Rossbachius:
1093 2435 1400 2486 magistratum
1421 2435 1476 2476 B.

368 2491 385 2515 ⁴
414 2491 626 2530 audentes
642 2491 947 2532 Mommsenus:
977 2487 1192 2529 auderent
1211 2489 1322 2529 codd.

185 2548 248 2605 48
