1747 2912
554 191 607 238 L.
660 190 994 237 ANNAEUS
1044 190 1315 239 FLORUS

192 317 321 364 duce
370 317 619 364 Volerone
679 318 1081 364 detrectantibus
1129 318 1385 381 plerisque
1433 318 1680 375 militiam,

131 432 156 471 3
191 424 338 472 fracti
384 425 599 471 consulis
638 425 814 475 fasceS.
904 425 1032 471 Inde
1076 425 1374 472 clarissimos
1412 429 1681 488 principes,

191 532 325 594 quod
400 532 787 579 adversarentur
861 533 1111 579 voluntati
1183 549 1319 591 suae,
1390 533 1681 580 exulatione

190 640 440 698 multavit,
481 647 539 687 ut
587 640 903 686 Coriolanum
946 640 1112 687 colere
1159 657 1303 702 agros
1350 641 1683 688 iubentem—

193 764 288 794 nec
324 751 488 794 minus
525 748 611 794 ille
648 747 886 794 ferociter
922 751 1154 793 iniuriam
1191 751 1339 794 armis
1364 748 1683 805 vindicasset,

193 859 287 901 nisi
312 855 447 917 quod
472 859 570 900 iam
595 854 904 901 inferentem
937 859 1079 916 signa
1105 854 1262 901 filium
1287 862 1451 902 mater
1475 856 1685 903 Veturia

138 971 163 1007 4
199 962 412 1009 lacrimis
449 966 548 1009 suis
584 966 861 1009 exarmavit
877 969 1017 1018 ;-ut
1052 966 1216 1025 ipsum
1243 963 1525 1021 Camillum,
1549 963 1684 1026 quod

193 1074 363 1133 inique
387 1074 521 1116 inter
547 1070 749 1132 plebem
775 1077 830 1117 et
855 1074 1133 1117 exercitum
1160 1070 1387 1117 divisisse
1414 1071 1685 1118 Veientem

194 1178 430 1240 praedam
457 1177 728 1225 videretur.
803 1177 905 1224 Sed
942 1178 1022 1224 hic
1059 1178 1237 1224 melior
1262 1174 1422 1225 Veis1
1446 1182 1499 1224 in
1539 1186 1686 1241 capta

194 1287 316 1332 urbe
364 1289 630 1332 consenuit
671 1292 725 1332 et
762 1301 877 1331 mox
926 1285 1177 1347 supplices
1228 1285 1292 1332 de
1346 1285 1494 1332 hoste
1538 1285 1685 1332 Gallo

134 1401 160 1439 5
197 1393 481 1440 vindicavit.
556 1393 682 1438 Cum
708 1399 887 1439 senatu
922 1409 1122 1455 quoque
1147 1392 1502 1440 vehementius
1525 1410 1685 1457 aequo

194 1502 426 1563 bonoque
485 1507 734 1547 certatum
785 1507 880 1558 est,
935 1500 1062 1546 adeo
1119 1507 1177 1547 ut
1229 1500 1421 1547 relictis
1480 1501 1684 1559 sedibus

195 1609 518 1655 solitudinem
545 1614 598 1655 et
621 1611 886 1654 interitum
912 1611 1103 1670 patriae
1128 1624 1247 1655 suae
1273 1612 1564 1656 minaretur.

106 1717 168 1764 23
263 1716 425 1761 Prima
483 1715 730 1762 discordia
788 1716 852 1762 ob
910 1719 1248 1777 inpotentiam
1317 1715 1675 1764 feneratorum.

195 1823 389 1881 Quibus
429 1827 482 1868 in
523 1830 668 1885 terga
710 1839 910 1886 quoque
949 1823 1198 1870 serviliter
1237 1825 1595 1883 saevientibus,
1631 1828 1685 1871 in

193 1948 386 1978 sacrum
421 1938 647 1976 montem
673 1930 816 1992 plebs
841 1938 1032 1977 armata
1057 1934 1266 1977 secessit
1291 1947 1564 1994 aegreque,
1589 1905 1684 1979 nec

195 2042 290 2085 nisi
316 2039 542 2085 tribunos
567 2041 908 2099 impetrasset,
938 2038 1148 2084 Meneni
1175 2038 1449 2100 Agrippae,
1481 2038 1685 2086 facundi

136 2152 159 2190 2
198 2152 251 2192 et
299 2149 537 2207 sapientis
585 2149 693 2202 viri,
739 2148 1039 2192 auctoritate
1088 2152 1320 2192 revocata
1366 2152 1457 2192 est.
1530 2146 1685 2194 Extat

193 2253 429 2297 orationis
454 2253 692 2312 antiquae
719 2254 837 2295 satis
863 2250 1034 2296 efficax
1063 2249 1127 2295 ad
1152 2250 1470 2296 concordiam
1495 2250 1681 2309 fabula,

193 2370 290 2416 qua
325 2353 591 2400 dissedisse
627 2353 880 2415 quondam
915 2353 1159 2399 humanos
1199 2352 1327 2399 dixit
1359 2360 1512 2412 artus,
1548 2354 1683 2417 quod

195 2460 422 2504 omnibus
478 2474 629 2520 opere
674 2457 1005 2520 fungentibus
1053 2457 1185 2504 solus
1234 2464 1414 2505 venter
1461 2462 1682 2506 inmunis

648 2556 666 2582 ²
693 2557 799 2597 Veis
820 2558 1064 2598 Seebodius:
1098 2558 1163 2597 vis
1184 2556 1237 2600 Β.

196 2626 257 2671 70
