1802 2942
616 204 1010 254 CORNELIUS
1055 204 1275 254 NEPOS

194 349 295 378 non
312 331 395 378 ille
413 335 521 394 ipse
542 335 628 394 qui
646 339 758 378 tum
777 332 952 388 flebat,
972 348 1089 379 eum
1108 333 1356 396 sacrilegii
1374 333 1680 380 damnasset.

137 418 164 456 5
189 408 450 455 Restituta
477 425 597 472 ergo
624 408 740 455 huic
766 416 886 456 sunt
911 409 1112 472 publice
1138 410 1289 465 bona,
1317 410 1587 472 eidemque
1612 410 1684 456 illi

191 485 525 548 Eumolpidae
559 486 848 533 sacerdotes
881 503 1050 532 rursus
1084 503 1338 533 resacrare
1371 494 1491 533 sunt
1523 490 1684 533 coacti

191 567 277 626 qui
303 580 420 609 eum
445 563 773 619 devoverant,
797 563 1033 626 pilaeque
1058 563 1173 610 illae
1197 567 1250 609 in
1274 564 1456 627 quibus
1481 564 1683 611 devotio

190 639 359 687 fuerat
383 644 570 703 scripta
591 643 644 686 in
666 657 806 687 mare
829 644 1214 703 praecipitatae.

253 717 300 769 ’7,
339 718 481 764 Haec
507 718 758 764 Alcibiadi
782 718 980 764 laetitia
1004 735 1106 764 non
1131 721 1277 765 nimis
1303 717 1402 765 fuit
1426 718 1684 768 diuturna.

191 794 322 840 Nam
347 812 462 841 cum
497 799 542 841 ei
575 811 750 841 omnes
790 802 963 842 essent
995 794 1210 842 honores
1244 796 1437 842 decreti
1468 802 1683 859 totaque

189 889 268 918 res
301 872 503 934 publica
539 873 674 918 domi
709 872 932 935 bellique
968 873 1176 928 tradita,
1201 879 1260 919 ut
1294 876 1441 919 unius
1478 874 1683 919 arbitrio

188 957 470 1013 gereretur,
508 956 561 995 et
594 953 703 1011 ipse
738 949 1047 1011 postulasset
1081 956 1141 996 ut
1175 950 1275 996 duo
1317 951 1411 996 sibi
1458 950 1682 1014 collegae

189 1027 449 1082 darentur,
472 1026 815 1090 Thrasybulus
841 1032 894 1073 et
917 1027 1241 1083 Adimantus,
1264 1043 1433 1090 neque
1455 1028 1508 1074 id
1529 1044 1685 1091 nega-

189 1110 301 1151 tum
345 1112 497 1159 esset,
541 1104 697 1150 classe
739 1107 792 1150 in
834 1105 1010 1150 Asiam
1050 1103 1327 1166 profectus,
1369 1105 1507 1167 quod
1548 1105 1685 1167 apud

191 1182 386 1245 Cymen
408 1185 573 1228 minus
599 1198 662 1228 ex
686 1185 944 1227 sententia
965 1198 1075 1227 rem
1098 1189 1345 1245 gesserat,
1367 1185 1421 1227 in
1441 1182 1683 1229 invidiam

192 1260 400 1313 recidit;
437 1258 560 1304 nihil
586 1262 722 1305 enim
748 1275 865 1305 eum
889 1275 991 1305 non
1015 1259 1212 1305 efficere
1236 1275 1384 1321 posse
1409 1260 1681 1306 ducebant.

139 1343 163 1379 2
190 1337 267 1382 Ex
294 1353 392 1399 quo
420 1336 577 1382 fiebat
602 1343 661 1382 ut
685 1339 855 1382 omnia
877 1339 1042 1382 minus
1067 1352 1307 1398 prospere
1333 1343 1481 1399 gesta
1504 1337 1683 1399 culpae

189 1415 493 1469 tribuerent,
525 1431 641 1460 cum
673 1420 763 1460 aut
796 1430 914 1460 eum
945 1413 1282 1477 neglegenter
1314 1421 1404 1460 aut
1433 1414 1683 1461 malitiose

190 1490 368 1537 fecisse
413 1491 762 1554 loquerentur,
808 1493 939 1537 sicut
984 1497 1096 1537 tum
1143 1491 1353 1546 accidit3
1415 1508 1535 1537 nam
1579 1508 1685 1538 cor-

188 1576 397 1631 ruptum
437 1586 467 1614 a
504 1585 627 1632 rege
666 1584 848 1630 capere
889 1567 1085 1631 Cymen
1123 1568 1341 1614 noluisse
1381 1569 1681 1632 arguebant.

138 1655 163 1694 3
190 1646 374 1709 Itaque
407 1645 524 1692 huic
555 1649 778 1691 maxime
810 1652 1050 1707 putamus
1072 1646 1092 1676 1
1125 1645 1257 1691 malo
1290 1644 1444 1692 fuisse
1476 1649 1684 1692 nimiam

190 1727 479 1785 opinionem
515 1726 707 1786 ingenii
749 1730 905 1785 atque
945 1726 1174 1777 virtutis3
1228 1723 1508 1769 timebatur
1549 1727 1684 1770 enim

191 1818 291 1847 non
333 1804 497 1846 minus
542 1817 696 1863 quam
739 1800 1063 1863 diligebatur,
1107 1816 1171 1846 ne
1215 1801 1438 1847 secunda
1478 1799 1685 1847 fortuna

189 1882 490 1941 magnisque
518 1878 696 1940 opibus
727 1876 908 1932 elatus,
935 1877 1261 1940 tyrannidem
1288 1865 1682 1940 concupisceret.

192 1955 386 2013 Quibus
429 1955 580 2001 rebus
624 1953 818 2001 factum
862 1961 941 2000 est
983 1961 1042 2000 ut
1085 1954 1284 2000 absenti
1325 1958 1684 2018 magistratum

192 2033 498 2095 abrogarent
525 2039 579 2078 et
604 2031 758 2078 alium
783 2035 835 2077 in
862 2034 968 2077 eius
993 2031 1159 2077 locum
1184 2032 1572 2079 substituerent.

140 2117 167 2154 4
256 2109 316 2156 Id
359 2109 442 2155 ille
487 2116 546 2156 ut
590 2109 800 2164 audivit,
845 2108 1052 2155 domum
1095 2111 1283 2155 reverti
1327 2108 1489 2156 noluit
1532 2116 1587 2156 et
1628 2125 1683 2157 se

519 2248 535 2272 ²
565 2251 786 2299 putamus,
808 2259 859 2293 u;
894 2248 1178 2298 imputamus,
1199 2245 1332 2286 MSS.

254 2383 270 2407 ²
299 2383 402 2422 This
429 2384 519 2434 city
544 2394 632 2421 was
656 2382 703 2420 in
729 2382 832 2420 Asia
857 2381 1012 2426 Minor,
1039 2394 1143 2419 near
1169 2380 1341 2420 Lesbos.
1399 2381 1621 2434 Although
1645 2384 1683 2422 it

195 2449 283 2475 was
309 2449 365 2474 an
389 2436 478 2487 ally
503 2436 547 2474 of
570 2435 751 2481 Athens,
777 2435 1021 2473 Alcibiades
1046 2434 1133 2472 had
1158 2434 1364 2473 attached
1385 2435 1424 2474 it
1447 2435 1535 2474 and
1559 2436 1681 2487 plun-

197 2489 343 2594 3133?ss
346 2490 425 2582 sigi}
428 2490 704 2581 ’territories5
754 2488 834 2528 but
864 2488 918 2528 he
949 2488 1037 2528 had
1068 2487 1175 2526 been
1208 2487 1365 2527 unable
1395 2492 1443 2528 to
1473 2489 1578 2529 take
1606 2489 1683 2530 the

191 2620 281 2677 448
