1802 2942
605 195 1001 246 CORNELIUS
1047 194 1267 243 NEPOS

180 333 445 380 carentur3
486 327 560 371 rei
582 324 815 386 publicae
840 325 1128 385 procuratio
1151 321 1339 384 populo
1362 320 1682 368 redderetur.

127 402 155 439 2
181 393 501 440 Praeclarum
520 391 616 437 hoc
637 407 841 453 quoque
861 389 1182 452 Thrasybuli,
1203 388 1340 451 quod
1359 388 1685 434 reconciliata

182 477 326 524 pace,
359 476 475 506 cum
506 459 780 520 plurimum
812 460 865 503 in
897 460 1105 503 civitate
1137 462 1329 518 posset,
1360 455 1532 518 legem
1563 454 1685 501 tulit

182 545 247 574 ne
273 531 383 590 quis
408 533 528 572 ante
554 533 783 572 actarum
806 541 976 570 rerum
1001 530 1324 570 accusaretur
1346 539 1476 569 neve
1500 522 1685 568 multa-

128 604 155 643 3
179 602 337 650 retur,
389 609 605 656 eamque
655 592 726 638 illi
777 591 1038 638 oblivionis
1091 590 1428 652 appellarunt.
1499 589 1682 652 Neque

185 679 303 709 vero
341 660 470 707 hanc
508 667 713 706 tantum
751 657 1017 705 ferendam
1054 660 1266 713 curaw‘t,
1303 657 1394 703 sed
1431 659 1590 702 etiam
1626 663 1686 703 ut

185 729 380 775 valeret
415 726 597 774 effecit.
668 726 801 772 Nam
835 743 950 772 cum
985 725 1192 788 quidam
1227 740 1290 770 ex
1323 727 1382 770 iis
1417 727 1504 786 qui
1537 722 1686 770 simul

184 813 301 843 cum
349 811 408 841 eo
455 798 507 840 in
557 793 731 840 exsilio
779 792 985 839 fuerant
1032 792 1243 838 caedem
1290 789 1460 837 facere
1509 807 1684 837 eorum

186 863 379 909 vellent
405 878 520 907 cum
548 862 729 923 quibus
756 863 809 905 in
834 863 1054 923 gratiam
1079 859 1302 905 reditum
1329 865 1441 904 erat
1465 857 1685 919 publice,

186 929 446 994 prohibuit
477 936 530 975 et
559 929 611 974 id
641 927 778 990 quod
805 927 1057 989 pollicitus
1089 933 1199 972 0131
1226 928 1502 987 praestitit.

250 996 298 1045 4.
338 996 470 1042 Huic
523 1012 613 1057 pro
667 997 826 1041 tantis
879 997 1073 1040 meritis
1126 993 1327 1039 honoris
1346 993 1366 1021 1
1419 1008 1604 1038 corona
1656 1007 1687 1037 a

186 1063 374 1126 populo
422 1063 545 1109 data
593 1069 688 1117 est,
735 1061 874 1107 facta
920 1061 1116 1108 duabus
1163 1059 1367 1122 virgulis
1413 1059 1686 1122 oleaginis;

188 1148 342 1194 quam
388 1130 525 1193 quod
571 1146 710 1175 amor
756 1132 939 1174 civium
985 1135 1039 1174 et
1083 1144 1184 1173 non
1228 1130 1300 1173 vis
1347 1132 1687 1189 expresserat,

187 1198 379 1244 nullam
438 1197 620 1243 habuit
678 1196 921 1242 invidiam
980 1210 1270 1258 magnaque
1330 1192 1429 1240 fuit
1487 1193 1686 1257 gloria.2

134 1273 160 1310 2
186 1265 325 1311 Bene
361 1281 482 1327 ergo
518 1263 746 1310 Pittacus
780 1263 882 1318 1110,
917 1266 1003 1325 qui
1036 1262 1126 1308 in3
1161 1268 1361 1324 septem
1394 1265 1687 1323 sapientum

187 1348 400 1378 numero
445 1338 523 1377 est
566 1330 790 1386 habitus,
834 1347 949 1376 cum
995 1329 1299 1392 Mytilenaei
1342 1328 1507 1374 multa
1547 1327 1688 1374 milia

187 1403 422 1462 iugerum
452 1401 560 1461 agri
589 1401 635 1444 ei
662 1397 901 1443 muneri4
930 1397 1130 1451 darent,
1160 1395 1188 1412 “
1213 1395 1402 1451 Nolite,
1431 1412 1517 1442 oro
1545 1393 1686 1450 vos,'’

188 1470 373 1529 inquit,
405 1465 432 1481 ‘⁴
455 1466 509 1512 id
538 1464 661 1511 mihi
692 1465 832 1520 dare,
865 1464 1001 1527 quod
1030 1463 1178 1510 multi
1207 1463 1488 1518 invideant,
1515 1461 1686 1525 plures

187 1538 348 1580 etiam
384 1536 758 1594 concupiscant.
828 1531 944 1590 Qua
978 1547 1033 1577 re
1073 1548 1137 1577 ex
1172 1534 1281 1576 istis
1318 1530 1433 1576 nolo
1472 1529 1686 1592 amplius

190 1618 345 1664 quam
373 1607 581 1647 centum
609 1603 804 1663 iugera,
834 1615 965 1661 quae
996 1605 1049 1644 et
1077 1614 1246 1643 meam
1275 1600 1430 1643 animi
1458 1600 1688 1659 aequita-

189 1676 298 1715 tem
330 1675 384 1714 et
412 1675 634 1713 vestram
663 1666 983 1713 voluntatem
1010 1666 1239 1712 indicent
1261 1663 1290 1680 ’²
1324 1679 1336 1720 3
1383 1681 1503 1710 nam
1531 1681 1688 1726 parva

189 1752 403 1781 munera
432 1735 647 1789 diutina,
675 1733 950 1796 locupletia
978 1750 1079 1779 non
1107 1735 1311 1794 propria
1339 1748 1450 1778 esse
1479 1748 1688 1777 consue-

137 1811 165 1850 3
187 1810 322 1849 runt.
394 1802 485 1847 Illa
542 1805 698 1864 igitur
755 1817 939 1847 corona
995 1806 1285 1854 contentus,
1341 1798 1686 1861 Thrasybulus

191 1886 360 1933 neque
398 1868 611 1931 amplius
648 1871 911 1931 requisivit
946 1883 1114 1930 neque
1151 1882 1462 1930 quemquam
1496 1865 1687 1912 honore

249 2018 267 2042 1
296 2017 470 2057 honoris
491 2029 634 2062 causa,
658 2021 678 2055 Θ
693 2033 721 2054 π
736 2033 764 2065 μ
790 2011 821 2056 V
839 2022 867 2057 Σ
888 2014 973 2055 and
992 2028 1022 2054 u
1042 2015 1089 2054 in
1109 2014 1286 2065 marqin.

247 2072 264 2096 ²
293 2084 391 2110 cum
415 2083 672 2121 magnaque,
698 2070 825 2109 Guill.
839 2085 849 2116 ;
890 2082 1158 2120 magnaeque
1179 2069 1353 2120 gloriae,
1377 2081 1420 2108 u.

248 2126 265 2149 ³
292 2126 355 2171 in,
375 2124 504 2163 added
525 2125 574 2174 by
594 2124 731 2174 Nipp.

248 2179 265 2202 4
294 2179 478 2218 Mitileni
507 2179 545 2216 ei
575 2180 723 2227 (mut-,
751 2177 812 2223 P;
859 2177 898 2215 ei
927 2176 1165 2227 mitylenei,
1195 2174 1255 2221 R;
1298 2175 1337 2213 ei
1365 2178 1496 2226 myt-,
1526 2174 1596 2225 M)
1626 2178 1687 2214 m.‘

193 2233 312 2272 milia
325 2234 519 2283 iugerum
533 2236 577 2270 01
592 2232 683 2282 agri
699 2231 806 2282 (agri
821 2234 881 2276 01,
898 2230 950 2269 Μ
962 2230 1000 2269 R
1014 2233 1059 2279 u)
1074 2242 1267 2274 munera,
1282 2228 1396 2268 Dan.
1412 2228 1451 2267 A
1467 2229 1505 2268 B
1517 2228 1570 2267 M
1582 2228 1683 2276 PR;

193 2286 390 2326 corrected
410 2286 461 2335 by
481 2286 518 2325 F
522 2285 618 2325 leck.

256 2494 272 2519 ¹
302 2494 480 2555 Cf·.Va'l·
501 2494 617 2533 Max.
638 2495 696 2533 iv.
721 2495 757 2533 1.
778 2496 867 2532 ext.
888 2495 928 2540 4,
948 2492 1046 2532 haec
1080 2491 1229 2532 oblivio
1258 2503 1384 2544 quam
1413 2490 1686 2531 Athenienses

202 2554 438 2588 amnestzan
459 2553 617 2588 vocant.

199 2631 292 2687 464
