1802 2942
614 141 1009 191 CORNELIUS
1055 142 1277 191 NEPOS

141 278 165 316 2
187 271 482 333 putabatur.
551 270 635 317 Fit
655 268 991 317 Menestheus
1009 276 1232 331 praetor,
1250 268 1380 316 filius
1400 268 1684 332 Iphicratis,

194 354 352 401 gener
368 336 641 392 Timothei,
661 344 715 383 et
732 344 792 383 ut
810 337 875 383 ad
891 336 1083 383 bellum
1099 336 1445 398 proficiscatur
1459 336 1686 383 decerni-

194 412 293 451 tur.
362 404 493 450 Huic
514 407 566 450 in
587 403 850 450 consilium
871 403 1058 450 dantur
1079 404 1197 459 duo,
1218 420 1313 450 usu
1333 406 1684 467 sapientiaque

193 472 557 534 praestantes,1
587 478 736 534 pater
768 478 822 517 et
852 486 1010 526 socer,
1042 471 1179 533 quod
1207 473 1260 516 in
1289 469 1366 517 his
1396 477 1546 517 tanta
1574 478 1686 518 erat

195 542 487 594 auctoritas,
511 545 570 584 ut
594 554 782 601 magna
805 554 920 600 spes
947 545 1083 584 esset
1105 553 1198 600 per
1222 554 1307 584 eos
1333 541 1516 584 amissa
1537 554 1684 600 posse

140 615 166 654 3
189 608 490 667 recuperari.
559 604 627 650 Hi
684 621 800 651 cum
857 604 1065 651 Samum
1122 603 1338 667 profecti
1397 612 1570 652 essent
1627 612 1682 652 et

193 673 375 719 eodem
415 671 622 727 Chares,
660 671 860 718 illorum
900 672 1126 718 adventu
1166 674 1389 735 cognito,
1429 689 1544 719 cum
1583 675 1685 719 suis

193 743 347 802 copiis
389 739 809 801 proficisceretur,
852 754 917 785 ne
961 739 1084 801 quid
1127 739 1341 785 absente
1384 754 1439 785 se
1481 746 1687 802 gestum

193 807 468 861 videretur,
496 806 697 861 accidit,
724 822 840 852 cum
867 805 933 852 ad
958 805 1175 852 insulam
1202 808 1685 868 appropinquarent,

195 881 253 920 ut
294 890 482 936 magna
523 879 806 934 tempestas
848 875 1093 927 oriretur;
1154 889 1307 935 quam
1351 876 1543 919 evitare
1585 873 1685 920 duo

194 947 393 987 veteres
438 943 771 1002 imperatores
817 939 944 986 utile
990 940 1241 995 arbitrati,
1286 956 1430 986 suam
1474 939 1686 987 classem

142 1016 169 1052 4
191 1014 596 1069 suppresserunt.
665 1007 738 1054 At
771 1005 856 1052 ille
891 1009 1165 1053 temeraria
1198 1023 1318 1053 usus
1352 1009 1550 1053 ratione
1584 1024 1686 1054 non

193 1077 345 1121 cessit
369 1077 618 1126 maiorum
642 1080 770 1120 natu
795 1076 1107 1129 auctoritati,
1132 1073 1273 1119 velut
1291 1075 1311 1104 2
1338 1076 1391 1120 in
1416 1091 1508 1120 sua
1531 1091 1686 1121 manu

195 1149 331 1188 esset
351 1139 571 1187 fortuna.
640 1140 754 1199 Quo
776 1140 1114 1187 contenderat
1133 1143 1385 1202 pervenit,
1402 1141 1686 1204 eodemque

197 1216 253 1255 ut
274 1215 610 1270 sequerentur
631 1208 696 1254 ad
715 1207 1041 1254 Timotheum
1063 1214 1117 1254 et
1138 1207 1431 1270 Iphicraten
1449 1211 1686 1255 nuntium

193 1279 345 1321 misit.

259 1342 391 1388 Hinc
407 1341 540 1388 male
557 1357 612 1388 re
630 1349 795 1404 gesta,
811 1340 1151 1403 compluribus
1170 1344 1362 1388 amissis
1378 1342 1609 1399 navibus,
1625 1358 1686 1390 eo

195 1410 330 1456 unde
367 1416 477 1455 erat
510 1407 769 1471 profectus
804 1425 858 1455 se
892 1411 1089 1471 recepit
1119 1408 1421 1471 litterasque
1455 1408 1686 1457 Athenas

195 1476 395 1538 publice
418 1479 573 1532 misit,
599 1477 692 1522 sibi
716 1475 935 1538 proclive
958 1475 1114 1522 fuisse
1137 1474 1345 1522 Samum
1369 1492 1570 1539 capere,
1591 1480 1687 1524 nisi

142 1554 168 1591 5
193 1560 223 1590 a
262 1543 530 1590 Timotheo
574 1551 628 1590 et
671 1543 928 1605 Iphicrate
970 1543 1202 1589 desertus
1246 1550 1397 1589 esset.
1466 1543 1686 1606 Populus

197 1627 329 1666 acer,
353 1613 586 1672 suspicax
612 1610 676 1656 ob
705 1626 922 1672 eamque
949 1626 1059 1656 rem
1091 1609 1307 1666 mobilis,
1333 1610 1646 1657 adversarius
1663 1611 1684 1642 ³

194 1678 617 1724 invidus—etiam
672 1680 938 1739 potentiae
994 1680 1046 1722 in
1102 1680 1293 1723 crimen
1336 1678 1648 1724 vocabantur
1665 1677 1687 1708 4

193 1745 464 1791 —domum
522 1751 756 1798 revocat3
834 1750 1135 1790 accusantur
1193 1744 1507 1806 proditionis.
1576 1745 1687 1792 Hoc

192 1812 376 1858 iudicio
415 1811 688 1857 damnatur
723 1810 1021 1857 Timotheus
1052 1811 1215 1873 lisque
1248 1814 1354 1857 eius
1387 1815 1688 1859 aestimatur

193 1886 401 1924 centum
417 1878 641 1924 talentis.
710 1877 802 1924 Ille
827 1878 942 1925 odio
965 1881 1199 1941 ingratae
1222 1880 1441 1925 civitatis
1464 1886 1686 1936 coactus,

193 1945 485 1992 Chalcidem
505 1961 558 1991 se
579 1944 811 1991 contulit.

253 2052 270 2076 1
298 2051 417 2103 After
473 2055 743 2104 praestantes
790 2051 853 2092 the
900 2051 1034 2092 MSS.
1081 2051 1182 2093 have
1228 2065 1412 2104 quorum
1460 2053 1685 2094 consilium

196 2110 414 2152 uteretur3
443 2105 593 2146 deleted
614 2105 664 2156 by
685 2105 830 2145 Halm.

253 2160 269 2184 2
298 2160 433 2206 velut,
450 2160 707 2209 Heu-sinyer3
737 2163 781 2198 et
799 2163 849 2198 ut
865 2158 949 2198 and
966 2163 1026 2206 et,
1045 2158 1203 2206 MSS.;
1236 2162 1282 2199 et
1297 2163 1349 2198 ut
1365 2160 1417 2206 si,
1434 2172 1477 2200 u.

251 2213 268 2237 ³
296 2214 568 2259 adversariis,
594 2213 641 2253 W
643 2227 780 2263 aqner.

253 2267 270 2291 ¹¹
298 2268 432 2306 etiam
463 2297 473 2306 .
506 2296 515 2306 .
548 2297 557 2306 .
589 2266 872 2312 vocabantur,
896 2265 1060 2306 omitted
1083 2265 1133 2316 by
1153 2265 1306 2313 Halm3
1344 2267 1505 2306 etenim
1534 2270 1683 2320 poten-

195 2320 258 2359 tia
289 2350 299 2359 .
331 2350 340 2360 .
373 2350 383 2360 .
414 2320 667 2367 vocabatur,
685 2319 1176 2369 Andresenfflitlbauer).

263 2449 279 2473 1
308 2449 411 2488 This
438 2453 639 2488 sentence
663 2449 699 2488 is
725 2448 907 2488 difficult
931 2448 1018 2487 and
1044 2447 1257 2500 probably
1281 2452 1479 2500 corrupt3
1516 2462 1585 2488 see
1609 2450 1684 2489 the

205 2503 299 2541 crit.
321 2507 458 2542 notes.
518 2502 585 2543 On
604 2502 810 2553 potentiae
840 2533 848 2541 .
882 2531 892 2543 .
924 2533 934 2542 .
965 2501 1210 2542 vocabantur
1230 2501 1283 2541 cf.
1305 2503 1334 2542 i.
1357 2504 1395 2543 8.
1421 2504 1467 2550 1;
1496 2503 1542 2543 ii.
1565 2504 1603 2543 8.
1628 2505 1666 2544 1.

200 2570 289 2633 506
