1802 2942
625 125 1021 175 CORNELIUS
1066 124 1287 174 NEPOS

204 260 340 303 tinet
367 272 448 302 res
479 262 652 318 gestas
683 272 862 318 regum
893 255 1067 317 populi
1098 255 1330 311 Romani,
1360 256 1611 303 secundus
1643 264 1698 304 et

205 325 390 370 tertius
430 322 569 369 unde
610 338 846 385 quaeque
886 324 1063 368 civitas
1105 329 1218 368 orta
1258 325 1325 369 sit
1366 322 1574 379 Italica3
1630 324 1698 370 ob

207 407 362 453 quam
396 405 506 437 rem
544 405 719 435 omnes
759 389 994 452 Origines
1031 389 1235 435 videtur
1270 389 1570 451 appellasse.
1637 390 1698 436 In

208 464 391 520 quarto
440 463 616 503 autem
663 455 856 502 bellum
906 454 1181 502 Poenicum
1233 463 1313 502 est
1359 461 1597 518 primum,
1645 460 1698 503 in

155 532 181 569 4
204 527 383 587 quinto
423 523 720 570 secundum.
786 523 961 585 Atque
1004 522 1131 569 haec
1171 525 1341 569 omnia
1379 523 1699 586 capitulatim

206 599 326 639 sunt
359 591 524 646 dicta3
573 590 872 653 reliquaque
907 589 1042 636 bella
1074 592 1183 652 pari
1216 591 1368 637 modo
1400 598 1700 652 persecutus

208 666 287 705 est
325 674 486 721 usque
527 657 592 704 ad
629 664 924 719 praeturam
963 656 1069 703 Ser.
1112 656 1327 712 Galbae,
1366 660 1452 719 qui
1491 658 1700 720 diripuit

208 726 495 772 Lusitanos,
561 725 737 787 Atque
761 723 941 770 horum
964 723 1213 770 bellorum
1238 724 1392 770 duces
1415 742 1517 771 non
1541 728 1700 771 nomi-

206 796 365 848 navit,
404 792 495 839 sed
540 794 648 838 sine
694 792 981 837 nominibus
1019 807 1099 837 res
1138 794 1351 837 notavit.
1421 791 1481 837 In
1518 792 1699 838 iisdem

207 862 444 922 exposuit
471 875 603 922 quae
630 861 683 904 in
712 858 863 904 Italia
891 858 1251 920 Hispaniisque
1276 865 1366 905 aut
1394 858 1577 906 fierent
1605 866 1696 906 aut

205 928 501 973 viderentur
526 926 853 980 admiranda}
893 928 947 971 in
974 926 1155 987 quibus
1181 924 1346 972 multa
1369 925 1618 973 industria
1645 932 1700 973 et

206 994 473 1057 diligentia
495 1000 774 1054 comparet,
800 991 940 1038 nulla
966 992 1211 1038 doctrina.

154 1069 180 1107 5
269 1061 434 1107 Huius
465 1060 529 1107 de
560 1063 664 1106 vita
694 1067 748 1106 et
776 1060 999 1106 moribus
1028 1059 1174 1121 plura
1202 1062 1254 1105 in
1285 1074 1345 1105 eo
1373 1058 1501 1105 libro
1529 1074 1700 1121 perse·

205 1130 311 1175 cuti
349 1144 521 1174 sumus
563 1143 717 1190 quem
756 1129 1033 1189 separatim
1069 1126 1132 1173 de
1175 1142 1235 1172 eo
1266 1124 1477 1172 fecimus
1513 1133 1698 1190 rogatu

205 1195 261 1241 T.
302 1194 567 1256 Pomponii
605 1195 783 1240 Attici.
851 1193 967 1252 Qua
1003 1209 1058 1240 re
1096 1193 1348 1240 studiosos
1387 1193 1594 1240 Catonis
1632 1193 1698 1241 ad

205 1262 331 1309 illud
358 1261 595 1309 volumen
622 1260 935 1324 delegamus.

665 1543 825 1591 XXV.
860 1542 1153 1591 ATTICUS

266 1649 315 1700 1.
349 1651 405 1698 Τ.
434 1651 740 1714 Pomponius
767 1652 989 1707 Atticus,
1015 1651 1080 1697 ab
1105 1654 1300 1715 origine
1324 1650 1505 1698 ultima
1528 1654 1699 1714 stirpis

204 1719 464 1766 Romanae
489 1726 783 1782 generatus,
806 1725 1077 1781 perpetuo
1084 1735 1114 1764 a
1137 1719 1409 1765 maioribus
1434 1726 1713 1787 acceptam

151 1793 176 1832 2
203 1758 519 1849 equestrem&
553 1787 778 1832 obtinuit
836 1779 1159 1849 dignitatem.
1227 1785 1381 1836 Patre
1439 1802 1558 1832 usus
1617 1791 1697 1832 est

203 1854 450 1916 diligente
471 1860 541 1908 et,
567 1860 626 1899 ut
650 1860 761 1899 tum
787 1860 934 1899 erant
957 1859 1207 1914 tempora,
1232 1852 1362 1899 diti
1350 1855 1698 1915 1mprimisque

201 1921 427 1967 studioso
447 1920 750 1966 litterarum.
819 1919 934 1975 Hic,
953 1926 1106 1982 prout
1124 1922 1234 1981 ipse
1255 1920 1462 1966 amabat
1479 1919 1698 1976 litteras,

200 1989 433 2034 omnibus
483 1987 722 2034 doctrinis
771 1988 954 2049 quibus
1002 1986 1208 2048 puerilis
1257 1993 1400 2033 aetas
1447 1989 1696 2048 impertiri

148 2061 174 2101 3
199 2055 358 2101 debet
385 2054 542 2101 filium
571 2054 805 2101 erudivit.
873 2054 1000 2100 Erat
1027 2060 1201 2100 autem
1227 2055 1280 2099 in
1305 2069 1464 2116 puero
1489 2060 1697 2115 praeter

201 2122 517 2169 docilitatem
540 2124 731 2185 ingenii
755 2137 953 2167 summa
980 2123 1203 2167 suavitas
1232 2123 1329 2167 oris
1359 2127 1515 2183 atque
1542 2123 1696 2177 vocis,

259 2263 276 2288 1
305 2263 408 2302 This
424 2262 622 2302 extract
609 2275 646 2301 18
662 2261 877 2301 therefore
893 2261 996 2313 only
1013 2274 1038 2300 a
1055 2260 1166 2300 brief
1181 2274 1403 2323 summary
1416 2262 1461 2301 of
1476 2260 1542 2300 his
1557 2261 1697 2312 larger

199 2316 333 2364 work,
358 2320 440 2369 put
461 2316 508 2355 in
532 2320 580 2355 to
604 2315 731 2355 make
755 2315 822 2355 his
844 2316 919 2354 list
943 2315 988 2355 of
1010 2315 1175 2355 Roman
1198 2315 1263 2353 Η
1246 2314 1444 2355 zstormns
1466 2315 1696 2366 complete,

198 2372 290 2422 just
312 2383 359 2410 as
382 2370 458 2410 the
481 2369 590 2409 brief
615 2373 788 2409 extract
808 2369 940 2416 XXI,
964 2369 1027 2409 De
1052 2368 1137 2420 Rey
1140 2368 1247 2415 ibus,
1268 2369 1305 2407 is
1328 2368 1471 2407 added
1495 2372 1544 2408 to
1566 2368 1694 2408 make

199 2424 266 2464 his
291 2424 366 2463 list
392 2424 436 2464 of
465 2423 660 2465 Generals
687 2423 733 2475 of
753 2423 933 2474 Foreiqn
958 2422 1142 2463 Natione
1166 2422 1402 2475 complete;
1432 2434 1502 2462 see
1523 2425 1627 2462 note
1653 2423 1693 2470 1,

197 2558 285 2618 652
