1747 2912
543 98 595 142 L.
647 95 995 143 ANNAEUS'
1032 95 1304 142 FLORUS

116 233 141 272 2
179 227 392 290 populus
434 226 519 272 ille
571 229 655 288 qui
699 229 832 271 vicit.
926 225 1119 271 Urebat
1159 223 1382 270 nobilem
1423 222 1664 285 populum

177 337 313 367 mare
362 320 602 376 ablatum,
651 325 823 381 raptae
872 318 1081 375 insulae,
1128 317 1248 364 dare
1294 317 1502 375 tributa,
1536 332 1665 379 quae

178 416 351 462 iubere
392 421 735 461 consueverat.
810 414 948 459 Hinc
989 414 1236 460 ultionem
1278 429 1403 474 puer
1444 410 1666 458 Annibal

120 518 144 557 3
180 510 243 556 ad
278 527 412 555 aram
451 513 580 571 patri
613 512 878 565 iuraverat,
908 524 1003 554 nec
1039 508 1339 554 morabatur.
1415 506 1579 569 Igitur
1613 509 1666 551 in

179 621 376 651 causam
419 604 540 650 belli
579 603 829 665 Saguntos
863 602 1026 648 electa
1068 608 1163 659 est,
1199 607 1344 648 vetus
1388 600 1666 662 Hispaniae

181 704 352 745 civitas
379 705 431 745 et
457 698 699 760 opulenta
732 697 948 759 fideique
987 713 1105 758 erga
1144 697 1392 742 Romanos
1424 711 1668 757 magnum

119 802 147 838 4
183 794 386 856 quidem
413 793 502 839 sed
527 796 673 838 triste
706 795 1093 848 monimentum,
1119 807 1268 853 quam
1293 794 1346 836 in
1379 790 1669 836 libertatem

180 892 432 934 communi
454 887 658 934 foedere
685 893 950 948 exceptam
976 885 1215 942 Annibal,
1234 901 1403 931 causas
1428 900 1668 930 novorum

179 990 408 1030 motuum
467 998 730 1045 quaerens,
790 987 843 1027 et
901 983 1000 1026 suis
1059 986 1113 1026 et
1169 983 1389 1041 ipsorum
1436 979 1666 1024 manibus

183 1081 382 1135 evertit,
431 1083 488 1123 ut
549 1076 748 1122 Italiam
808 1076 901 1121 sibi
936 1081 1107 1137 >rupto
1161 1073 1368 1120 foedere
1431 1076 1664 1135 aperiret.

113 1182 145 1218 5
184 1173 387 1219 Summa
429 1171 691 1217 foederum
742 1170 975 1215 Romanis
1013 1169 1192 1231 religio
1239 1175 1347 1223 est3
1398 1172 1569 1230 itaque
1607 1167 1670 1213 ad

182 1267 409 1313 auditum
436 1269 597 1312 sociae
624 1267 840 1310 civitatis
865 1263 1130 1321 obsidium,
1156 1279 1403 1310 memores
1441 1265 1529 1308 icti
1554 1278 1668 1308 cum

186 1363 364 1408 Poenis
406 1377 606 1424 quoque
645 1360 880 1417 foederis,
922 1376 1023 1405 non
1071 1362 1243 1406 statim
1283 1358 1347 1404 ad
1383 1374 1521 1404 arma
1560 1374 1671 1419 pro-

183 1463 406 1513 currunt,
446 1455 567 1502 dum
615 1458 751 1517 prius
798 1470 936 1500 more
984 1453 1214 1515 legitimo
1261 1455 1404 1515 queri
1457 1451 1666 1497 malunt.

120 1561 150 1599 6
187 1553 454 1615 Saguntini
496 1554 702 1597 interim
738 1554 838 1596 iam
873 1566 1055 1596 novem
1086 1549 1343 1595 mensibus
1381 1547 1498 1593 fessi
1537 1546 1671 1592 fame

183 1645 426 1692 machinis
486 1645 634 1702 ferro,
693 1660 834 1691 versa
904 1644 1124 1706 denique
1194 1646 1247 1688 in
1315 1642 1504 1687 rabiem
1574 1641 1672 1687 fide

184 1745 439 1787 inmanem
482 1744 534 1786 in
577 1739 684 1786 foro
727 1743 952 1786 excitant
990 1755 1185 1801 rogum,
1222 1744 1331 1784 tum
1367 1736 1584 1799 desuper
1619 1753 1672 1783 se

186 1851 398 1897 suosque
447 1851 560 1880 cum
608 1835 840 1880 omnibus
890 1835 1066 1895 opibus
1114 1835 1213 1878 suis
1261 1830 1394 1877 ferro
1442 1837 1497 1877 et
1553 1834 1672 1892 igne

125 1937 148 1976 7
184 1937 523 1992 corrumpunt.
627 1931 793 1976 Huius
833 1936 1006 1976 tantae
1046 1928 1199 1975 cladis
1238 1934 1411 1974 auctor
1452 1926 1672 1972 Annibal

185 2029 417 2087 poscitur.
512 2025 979 2086 Tergiversantibus
1024 2023 1202 2069 Poenis
1252 2022 1355 2068 dux
1403 2021 1671 2084 legationis

187 2125 360 2182 “quae
383 2119 409 2134 ''
454 2123 619 2181 inquit
661 2124 847 2164 “mora
883 2118 1046 2166 est?''
1122 2114 1389 2182 [Fabius]1
1431 2119 1536 2162 “in
1577 2116 1671 2163 hoc

187 2230 282 2276 ego
318 2217 427 2259 sinu
454 2214 643 2259 bellum
667 2229 943 2275 pacemque
974 2219 1150 2275 porto3
1186 2217 1354 2258 utrum
1392 2209 1577 2272 eligitis
1603 2211 1668 2257 ?'’

188 2309 618 2356 Succlamantibus
683 2309 888 2366 bellum,
948 2307 1188 2354 “bellum
1241 2310 1395 2369 igitur
1414 2305 1441 2321 ’'
1500 2309 1670 2368 inquit

642 2445 658 2470 ¹
687 2445 849 2486 Fabius
870 2447 947 2486 del.
976 2446 1194 2486 Graevius,

185 2539 252 2583 94
