1747 2912
545 135 599 181 L.
652 134 986 181 ANNAEUS
1037 134 1306 182 FLORUS

99 270 148 311 17
184 267 283 309 suis
302 269 508 324 tropaea
524 261 670 309 fixit.1
720 262 945 308 Tandem
974 269 1027 308 et
1052 278 1167 308 eum
1183 261 1201 290 2
1223 263 1403 308 Fabius
1419 263 1671 310 Maximus

184 340 356 386 consul
383 345 733 401 oppresserat3
770 339 859 386 sed
895 356 923 384 a
958 355 1241 385 successore
1271 340 1462 401 Popilio
1485 340 1671 387 violata

183 421 390 463 victoria
428 423 517 462 est.
593 415 795 478 Quippe
832 420 917 479 qui
954 416 1294 462 conficiendae
1332 420 1404 462 rei
1441 417 1668 479 cupidus,

182 494 397 540 fractum
422 494 603 540 ducem
629 500 682 539 et
707 499 932 539 extrema
956 493 1229 540 deditionis
1265 497 1542 555 agitantem
1579 510 1673 556 per

183 571 412 618 fraudem
452 578 505 617 et
546 571 749 617 insidias
789 577 843 617 et
880 571 1181 617 domesticos
1230 587 1545 632 percussores
1583 571 1669 617 ad-

184 665 397 712 gressus,
424 648 553 693 hanc
577 648 710 694 hosti
735 647 945 709 gloriam
971 647 1130 704 dedit,
1158 654 1216 694 ut
1241 647 1499 694 videretur
1523 648 1672 695 aliter

184 730 316 772 vinci
341 742 442 771 non
469 741 627 787 posse.

453 925 728 971 XXXIIII.
787 925 989 970 BELLvM
1029 924 1378 971 NvMANvaM

95 1044 145 1085 11,
166 1027 227 1074 18
266 1025 541 1070 NUMANTIA
577 1030 822 1085 quantum
847 1022 1178 1084 Carthaginis,
1203 1023 1416 1085 Capuae,
1445 1023 1672 1070 Corinthi

183 1104 360 1165 opibus
409 1101 629 1157 inferior,
669 1104 741 1146 ita
781 1103 982 1146 virtutis
1020 1104 1224 1146 nomine
1264 1107 1318 1146 et
1358 1099 1547 1147 honore
1583 1118 1673 1163 par

184 1181 431 1236 omnibus,
468 1194 837 1240 summumque,
874 1181 913 1223 si
950 1194 1067 1224 vero
1100 1181 1352 1234 aestimes,
1393 1178 1672 1239 Hispaniae

126 1265 151 1303 2
189 1258 356 1304 decus,
453 1255 655 1317 Quippe
714 1271 841 1317 quae
901 1258 1008 1300 sine
1062 1271 1221 1310 muro,
1268 1258 1376 1301 sine
1434 1256 1671 1314 turribus,

183 1335 380 1381 modice
414 1333 551 1379 edito
584 1336 637 1377 in
671 1332 867 1378 tumulo
907 1332 1040 1393 apud
1072 1331 1261 1378 flumen
1293 1335 1404 1388 sita,
1435 1339 1674 1394 quattuor

183 1412 384 1458 milibus
446 1410 812 1455 Celtiberorum
863 1409 1197 1471 quadraginta
1245 1412 1525 1456 exercitum
1583 1427 1675 1472 per

185 1505 342 1535 annos
384 1487 619 1533 undecim
661 1487 764 1533 sola
802 1490 1056 1544 sustinuit,
1096 1503 1191 1533 nec
1232 1490 1469 1534 sustinuit
1509 1488 1674 1546 modo,

184 1567 274 1613 sed
300 1569 492 1612 saevius
511 1564 815 1626 aliquando3
840 1564 1056 1626 perculit
1080 1564 1432 1626 pudendisque
1458 1564 1673 1611 foederi-

183 1646 275 1691 bus
295 1643 498 1689 adfecit.
555 1643 852 1699 Novissime,
870 1659 983 1687 cum
1003 1645 1242 1687 invictam
1267 1658 1376 1688 esse
1402 1649 1673 1699 constaret,

183 1738 307 1783 opus
333 1720 430 1766 fuit
455 1736 514 1766 eo
540 1723 625 1781 qui
651 1719 1008 1781 Carthaginem
1035 1726 1299 1765 everterat.

130 1807 155 1846 3
261 1799 376 1844 Non
423 1805 636 1854 temere,
683 1800 722 1842 si
769 1796 917 1842 fateri
967 1796 1101 1853 licet,
1150 1797 1299 1842 ullius
1358 1813 1503 1843 causa
1552 1797 1674 1844 belli

182 1879 428 1922 iniustior.
501 1874 821 1936 Segidenses,
846 1878 1002 1920 socios
1028 1880 1082 1920 et
1107 1878 1506 1936 consanguineos
1543 1891 1673 1932 suos,

120 1963 148 2000 4
185 1954 520 1999 Romanorum
554 1952 781 1997 manibus
819 1951 1028 2013 elapsos,
1066 1950 1412 2013 exceperant.4
1481 1951 1673 1998 Habita

183 2046 274 2093 pro
311 2030 389 2076 his
428 2029 717 2091 deprecatio
764 2028 889 2074 nihil
937 2028 1106 2075 valuit.
1181 2028 1303 2074 Cum
1344 2045 1397 2075 se
1435 2030 1498 2074 ab
1536 2031 1673 2074 omni

184 2108 429 2154 bellorum
455 2110 755 2168 contagione
781 2112 1119 2163 removerent,
1135 2109 1186 2150 in
1211 2105 1429 2167 legitimi
1455 2105 1673 2152 foederis

184 2187 403 2247 pretium
443 2187 561 2230 iussi
599 2200 735 2229 arma
773 2182 1041 2244 deponere.
1118 2183 1233 2228 Hoc
1274 2187 1343 2229 sic
1380 2199 1410 2228 a
1452 2183 1674 2229 barbaris

459 2325 474 2349 ¹
503 2324 603 2364 fixit:
623 2325 959 2364 Freinshemius:
991 2322 1159 2363 fixisset
1178 2325 1290 2364 codd.

459 2378 475 2402 ²
503 2385 548 2418 et
568 2392 666 2417 eum
685 2380 832 2429 scripsi
851 2393 860 2419 ε
891 2378 1026 2417 etiam
1045 2378 1159 2417 codd.

457 2431 475 2456 ³
502 2432 738 2484 aliquando
757 2433 956 2482 Lipsius:
989 2431 1214 2483 aliquanto
1233 2431 1346 2471 codd.

459 2486 475 2509 ⁴
504 2490 766 2538 exceperant
787 2500 795 2527 :
827 2494 1108 2538 susceperant
1127 2487 1180 2525 Β.

191 2569 283 2617 150
