1747 2912
64 807 110 846 13

65 1214 113 1252 14

66 1376 109 1414 15

63 2103 121 2151 12

508 186 564 235 L.
616 184 950 231 ANNAEUS
1002 183 1273 231 FLORUS

151 313 333 370 classis,
360 329 476 358 nam
514 329 599 358 sex
637 311 778 358 fuere
815 317 1074 357 rostratae.
1147 310 1248 357 Sed
1287 310 1367 357 hic
1396 325 1636 358 numerus

148 395 245 440 illis
277 397 432 439 initiis
465 392 641 438 navale
675 392 865 438 bellum
898 391 1010 441 fuit.

218 475 606 521 Pervicacissimi
641 480 815 519 tamen
850 472 1144 518 Latinorum
1179 472 1345 533 Aequi
1382 478 1435 518 et
1468 471 1638 518 Volsci

147 555 288 602 fuere
315 561 367 601 et
393 554 650 611 cotidiani,
675 560 733 600 ut
766 557 834 599 sic
868 553 1096 610 dixerim,
1123 552 1309 598 hostes.
1385 552 1485 598 Sed
1510 551 1637 598 hos1

147 640 414 699 praecipue
464 635 606 681 Titus
647 633 914 692 Quinctius
952 633 1163 690 domuit,
1200 633 1286 679 ille
1325 632 1541 679 dictator
1574 633 1638 679 ab

148 725 329 775 aratro,
349 720 433 779 qui
453 717 653 762 obsessa
678 722 731 761 et
750 731 912 776 paene
937 718 1034 760 iam
1053 721 1200 775 capta
1226 714 1405 759 Manili
1423 713 1639 760 consulis

148 805 308 844 castra
356 800 560 859 egregia
603 799 810 842 victoria
851 799 1180 857 recuperavit.
1258 794 1486 840 Medium
1529 801 1640 841 erat

147 888 348 941 tempus
373 879 504 925 forte
526 882 783 934 sementis,
800 895 914 924 cum
939 880 1206 939 patricium
1225 882 1385 923 virum
1409 881 1639 923 innixum

147 968 311 1008 aratro
346 977 434 1006 suo
472 960 618 1006 lictor
655 963 706 1004 in
742 963 850 1021 ipso
887 975 1039 1021 opere
1076 958 1432 1020 deprehendit.
1506 958 1636 1005 Inde

148 1047 201 1088 in
237 1045 394 1088 aciem
431 1040 703 1103 profectus,
741 1043 916 1097 victos,
948 1056 1013 1086 ne
1050 1039 1172 1102 quid
1207 1057 1236 1085 a
1270 1043 1443 1086 rustici
1477 1044 1640 1102 operis

150 1127 433 1169 imitatione
460 1128 690 1179 cessaret,
719 1137 857 1167 more
883 1120 1136 1182 pecudum
1161 1121 1252 1166 sub
1289 1124 1463 1181 iugum
1485 1123 1636 1167 misit.

150 1209 218 1251 sic
258 1203 582 1265 expeditione
618 1202 759 1248 finita
792 1201 943 1248 rediit
976 1201 1037 1246 ad
1076 1202 1227 1247 boves
1261 1217 1428 1247 rursus
1463 1204 1639 1247 trium-

148 1285 309 1348 phalis
369 1283 806 1346 agricola-fidem
864 1286 1297 1344 numinum—qua
1353 1281 1636 1329 velocitate.

151 1368 292 1413 Intra
318 1364 605 1427 quindecim
633 1363 739 1409 dies
767 1369 1003 1424 coeptum
1036 1369 1400 1424 peractumque
1431 1362 1639 1421 bellum,

150 1462 348 1510 prorsus
396 1452 453 1492 ut
513 1444 776 1491 festinasse
835 1443 1050 1490 dictator
1103 1443 1167 1488 ad
1226 1443 1459 1489 relictum
1516 1459 1640 1506 opus

150 1528 422 1577 videretur.

151 1924 235 1969 VI.
310 1923 511 1968 BELLVM
577 1937 673 1968 CVM
746 1921 983 1967 ETRvsc1s
1054 1920 1267 1966 FAL1sc1s
1339 1919 1638 1966 VEIENTIBVS

729 2002 1061 2048 memmvs

216 2103 431 2147 Ansmm
481 2116 598 2146 vero
641 2106 695 2146 et
742 2102 1065 2145 anniversarii
1112 2097 1281 2144 hostes
1328 2099 1391 2144 ab
1439 2097 1640 2144 Etruria

152 2183 293 2228 fuere
343 2183 603 2237 Veientes,
650 2180 778 2226 adeo
826 2186 883 2226 ut
942 2178 1386 2226 extraordinariam
1433 2195 1639 2225 manum

153 2264 388 2309 adversus
415 2278 498 2307 eos
524 2264 810 2322 promiserit
833 2263 1184 2322 privatumque
1210 2262 1425 2320 gesserit
1448 2259 1638 2305 bellum

153 2360 278 2406 gens
325 2359 423 2389 una
473 2342 751 2387 Fabiorum.
826 2340 956 2387 Satis
995 2355 1244 2402 superque
1293 2345 1413 2385 nota
1454 2339 1636 2390 clades.

99 2432 124 2471 2
155 2425 295 2470 Caesi
331 2423 466 2485 apud
503 2421 788 2469 Cremeram
822 2423 1054 2479 trecenti,
1087 2422 1324 2483 patricius
1359 2423 1638 2477 exercitus3

661 2538 677 2564 ¹
706 2537 783 2577 sed
803 2537 881 2577 hos
900 2549 979 2578 om.
1003 2537 1054 2577 B.

153 2599 213 2658 36
