1802 2942
643 115 1038 163 CORNELIUS
1084 113 1304 163 NEPOS

217 241 502 306 gerendum
548 244 765 304 putavit.
834 240 1019 304 Itaque
1065 257 1181 288 cum
1226 243 1417 304 paucis,
1463 240 1555 288 sed
1599 243 1715 287 viris

219 319 434 366 fortibus
464 335 647 365 navem
676 319 987 375 conscendit,
1012 321 1325 375 existimans,
1350 317 1487 381 quod
1516 318 1715 375 accidit,

219 395 413 443 facilius
455 412 509 443 se
550 396 929 458 imprudentem
969 412 1126 458 parva
1163 412 1319 442 manu
1359 411 1716 458 oppressurum

220 491 373 537 quam
397 480 633 536 paratum
660 475 887 536 quamvis
912 490 1099 536 magno
1125 476 1369 520 exercitu.

169 559 196 597 4
284 551 394 597 Hac
416 550 616 597 delatus
637 553 689 596 in
712 550 954 606 Ciliciam,
977 567 1208 614 egressus
1229 551 1367 607 inde,
1389 550 1498 597 dies
1519 557 1717 597 noctes-

222 645 322 692 que
346 632 444 675 iter
468 627 658 674 faciens
682 627 906 674 Taurum
929 631 1114 675 transit
1139 643 1302 691 eoque
1328 644 1428 690 quo
1447 627 1717 674 studuerat

219 710 378 755 venit.
439 705 654 764 Quaerit
672 706 853 767 quibus
871 704 991 751 locis
1010 708 1077 751 sit
1094 705 1245 768 Aspis
1262 720 1274 761 3
1298 708 1557 768 cognoscit
1579 704 1718 751 haud

219 783 370 846 longe
387 783 564 829 abesse
580 781 969 845 profectumque
987 798 1105 829 eum
1119 789 1378 829 venatum.
1431 782 1577 841 Quae
1594 782 1717 829 dum

219 859 790 922 speculatur,adventus
816 863 922 906 eius
947 876 1099 906 causa
1122 859 1457 923 cognoscitur.
1524 858 1717 906 Pisidas

221 955 336 984 cum
369 940 428 983 iis
465 954 588 1000 quos
624 953 796 983 secum
829 936 1057 984 habebat
1092 937 1157 983 ad
1190 937 1531 983 resistendum
1565 937 1716 999 Aspis

167 1025 195 1063 5
220 1022 495 1077 comparat.
566 1014 627 1062 Id
646 1014 894 1061 Datames
913 1015 1001 1061 ubi
1020 1015 1231 1070 audivit,
1251 1031 1391 1061 arma
1409 1017 1582 1070 sumit,
1601 1030 1717 1061 suos

220 1096 364 1155 sequi
389 1093 562 1147 iubet3
605 1095 714 1154 ipse
742 1108 873 1154 equo
900 1095 1154 1139 concitato
1182 1092 1247 1139 ad
1271 1091 1473 1138 hostem
1499 1091 1716 1138 vehitur.

221 1169 389 1228 Quem
441 1168 615 1231 procul
667 1169 817 1232 Aspis
871 1172 1182 1232 conspiciens
1237 1169 1303 1215 ad
1355 1185 1409 1216 se
1461 1167 1716 1216 ferentem

218 1249 535 1309 pertimescit
587 1253 744 1309 atque
797 1263 828 1292 a
878 1253 1065 1293 conatu
1116 1246 1387 1293 resistendi
1439 1246 1715 1294 deterritus

227 1340 337 1371 sese
385 1323 597 1370 dedidit.
667 1322 817 1370 Hunc
865 1323 1113 1370 Datames
1149 1326 1375 1371 vinctum
1425 1323 1491 1371 ad
1539 1339 1716 1388 regem

217 1401 509 1448 ducendum
532 1400 692 1447 tradit
718 1400 1026 1448 Mithridati.

284 1478 332 1529 5.
370 1478 512 1525 Haec
539 1478 661 1525 dum
687 1485 951 1541 geruntur,
979 1478 1310 1534 Artaxerxes,
1336 1480 1662 1526 reminiscens
1689 1495 1719 1525 a

218 1563 414 1619 quanto
437 1555 571 1602 bello
597 1555 663 1602 ad
687 1572 840 1619 quam
863 1572 1072 1618 parvam
1096 1572 1205 1603 rem
1228 1558 1509 1619 principem
1533 1556 1718 1603 ducum

218 1637 457 1689 misisset,
477 1649 530 1679 se
548 1636 657 1696 ipse
675 1632 1005 1695 reprehendit
1025 1640 1078 1680 et
1096 1636 1334 1680 nuntium
1353 1633 1418 1680 ad
1437 1636 1718 1680 exercitum

220 1711 367 1757 Acen
424 1713 580 1766 misit,
644 1711 781 1773 quod
838 1710 1064 1757 nondum
1123 1710 1385 1757 Datamen
1429 1709 1719 1773 profectum

217 1788 456 1850 putabat,
482 1790 568 1850 qui
593 1787 787 1834 diceret
811 1804 876 1834 ne
903 1788 966 1834 ab
994 1790 1222 1835 exercitu
1247 1787 1549 1835 discederet.
1618 1787 1715 1835 Hic

219 1868 513 1928 priusquam
543 1868 834 1927 perveniret
866 1881 965 1927 quo
999 1872 1110 1912 erat
1139 1863 1417 1928 profectus,
1448 1868 1501 1911 in
1532 1867 1716 1913 itinere

169 1949 195 1987 2
219 1946 456 1989 convenit
487 1945 573 2005 qui
604 1942 783 2005 Aspim
814 1942 1087 1989 ducebant.
1157 1941 1273 2001 Qua
1302 1941 1569 1990 celeritate
1600 1959 1717 1990 cum

221 2037 461 2083 magnam
500 2019 912 2067 benevolentiam
951 2022 1085 2083 regis
1126 2019 1376 2067 Datames
1416 2027 1717 2068 consecutus

223 2105 376 2154 esset,
426 2113 527 2143 non
577 2100 825 2144 minorem
875 2097 1116 2144 invidiam
1168 2096 1443 2144 aulicorum
1495 2100 1717 2160 excepit,

221 2174 359 2237 quod
377 2174 517 2220 illum
537 2191 694 2220 unum
712 2174 867 2237 pluris
887 2191 1041 2236 quam
1059 2190 1114 2221 se
1133 2189 1308 2221 omnes
1328 2173 1436 2221 fieri
1455 2173 1714 2221 videbant.

281 2357 297 2381 1
325 2357 364 2395 A
393 2356 567 2395 warlike
597 2356 684 2395 and
711 2357 1006 2409 independens:
1036 2357 1188 2409 people
1219 2356 1264 2396 of
1292 2357 1394 2396 that
1423 2357 1587 2409 region,
1618 2357 1715 2398 who

222 2410 377 2450 served
396 2424 443 2449 as
464 2411 762 2450 mercenarios.

281 2464 297 2488 ²
328 2464 413 2504 Son
436 2465 480 2504 of
499 2465 786 2511 Artaxerxes;
824 2475 893 2503 see
918 2464 980 2504 10.
1007 2465 1042 2503 l.

223 2540 314 2603 516
