1747 2912
104 532 156 579 '11

111 770 158 809 12

109 1001 157 1040 13

112 1311 159 1349 14

112 1619 159 1657 15

114 1850 161 1889 16

114 2004 162 2045 17

563 169 617 214 L.
670 167 1003 215 ANNAEUS
1052 166 1323 214 FLORUS

192 316 341 362 quam
400 298 602 360 pudoris
662 296 902 342 Metellus
949 295 1192 357 adsurgit,
1230 298 1314 357 qui
1361 294 1679 342 callidissime

193 379 391 422 hostem
439 390 573 420 nunc
632 374 862 435 precibus
910 389 1044 419 nunc
1092 375 1255 429 minis,
1302 375 1402 417 iam
1449 372 1680 418 simulata

195 456 291 499 iam
315 468 431 497 vera
466 450 587 512 fuga
623 450 918 496 eludentem
943 449 1133 495 artibus
1170 453 1269 495 suis
1295 448 1559 510 adgressus
1585 455 1675 495 est.

192 532 441 592 Agrorum
459 535 613 590 atque
632 530 851 573 vicorum
873 526 1195 588 populatione
1212 542 1313 571 non
1329 524 1350 554 1
1375 532 1644 572 contentus
1658 524 1679 554 2

193 612 247 653 in
280 610 388 667 ipsa
422 605 690 651 Numidiae
724 608 890 665 capita
921 608 1169 665 impetum
1203 603 1354 656 fecit;
1392 610 1445 649 et
1480 603 1680 649 Zamam

195 684 399 747 quidem
441 682 624 727 frustra
660 681 907 738 adsiluit,3
944 687 1170 727 ceterum
1215 681 1441 737 Thalam,
1477 696 1681 742 gravem

192 765 340 807 armis
375 760 761 821 thensaurisque
792 758 982 820 regiis,4
1019 758 1238 820 diripuit.
1313 757 1454 803 Tunc
1478 759 1683 804 urbibus

196 845 404 885 exutum
462 853 635 898 regem
697 843 750 882 et
808 840 906 880 iam
959 835 1133 881 finium
1192 851 1392 881 suorum
1437 838 1683 897 regnique

196 916 465 978 fugitivum
490 931 580 975 per
619 914 819 959 Mauros
856 919 1009 975 atque
1049 912 1337 959 Gaetuliam
1363 914 1678 975 sequebatur.

197 993 454 1038 Postremo
494 991 680 1036 Marius
722 994 880 1036 auctis
920 990 1191 1035 admodum
1233 992 1401 1051 copiis,
1439 1007 1554 1035 cum
1593 1007 1684 1051 pro

198 1072 505 1116 obscuritate
554 1071 755 1130 generis
815 1071 890 1113 sui
938 1071 1103 1128 capite
1152 1083 1326 1112 censos
1373 1074 1685 1114 sacramento

195 1147 465 1208 adegisset,
490 1149 588 1191 iam
624 1145 789 1191 fusum
816 1152 869 1191 et
894 1149 1115 1191 saucium
1139 1161 1314 1205 regem
1338 1144 1557 1202 adortus,
1580 1161 1683 1190 non

197 1224 390 1270 facilius
426 1230 597 1269 tamen
625 1226 744 1268 vicit
781 1239 930 1284 quam
960 1225 1000 1268 si
1035 1225 1292 1283 integrum
1316 1238 1373 1267 ac
1409 1229 1682 1268 recentem.

202 1302 299 1346 Hic
348 1307 401 1346 et
448 1301 624 1346 urbem
671 1300 733 1344 ab
784 1299 1008 1345 Hercule
1058 1299 1312 1345 conditam
1360 1299 1585 1360 Capsam,
1631 1303 1685 1344 in

197 1379 363 1424 media
423 1377 593 1422 Africa
642 1380 723 1423 siti
776 1377 1024 1439 anguibus
1082 1376 1384 1438 harenisque
1432 1376 1684 1433 vallatam,

198 1460 322 1501 mira
358 1455 573 1517 quadam
608 1454 854 1500 felicitate
892 1457 1161 1515 superavit,
1199 1461 1252 1499 et
1288 1470 1436 1499 saxeo
1471 1454 1683 1500 inditam

198 1536 359 1578 monti
398 1530 724 1577 Molucham5
761 1532 937 1577 urbem
962 1547 1053 1592 per
1092 1531 1328 1592 Ligurem
1353 1530 1494 1576 aditu
1530 1531 1686 1577 arduo

196 1615 548 1671 inaccessoque
598 1611 897 1670 penetravit.
995 1608 1114 1654 Mox
1161 1625 1264 1653 non
1310 1612 1473 1669 ipsum
1519 1609 1680 1665 mod0,

199 1688 287 1734 sed
348 1687 601 1732 Bocchum
660 1703 858 1748 quoque
921 1686 1266 1732 Mauretaniae
1326 1702 1517 1747 regem,
1576 1690 1684 1733 iure

198 1768 452 1826 sanguinis
524 1763 766 1809 Numidas
825 1763 1182 1820 vindicantem,
1242 1763 1374 1825 apud
1444 1763 1684 1825 oppidum

199 1843 387 1888 Cirtam
417 1845 635 1902 graviter
664 1841 860 1887 cecidit.
937 1840 1038 1898 Qui
1072 1841 1156 1886 ubi
1187 1840 1371 1886 diffisus
1404 1841 1552 1887 rebus
1584 1845 1684 1887 suis

198 1920 391 1965 alienae
430 1918 581 1964 cladis
619 1922 834 1964 accessio
871 1918 976 1963 fieri
1013 1921 1177 1974 timet,
1214 1923 1430 1979 pretium
1467 1917 1685 1965 foederis

197 2005 350 2058 atque
387 1999 635 2042 amicitiae
662 2012 835 2057 regem
872 1995 1004 2041 facit.
1079 1995 1159 2041 Sic
1195 1995 1684 2044 fraudulentissimus

197 2091 375 2136 regum
412 2073 587 2118 fraude
621 2089 779 2134 gener
815 2076 973 2118 soceri
1009 2076 1083 2118 sui
1109 2076 1160 2117 in
1196 2073 1399 2118 insidias
1435 2072 1713 2120 deductus

259 2214 274 2238 ¹
303 2228 389 2253 non
409 2215 504 2252 add.
530 2216 682 2254 Aldus.
883 2214 899 2238 ²
929 2218 1187 2253 contentus:
1219 2218 1499 2265 contemptus
1519 2216 1629 2255 codd.

253 2269 268 2292 ³
297 2268 479 2307 adsiluit
499 2269 878 2317 Frezcdenberqz'zcs:
908 2266 1099 2306 diuoluit
1118 2269 1182 2308 B:
1212 2267 1289 2307 diu
1310 2267 1452 2307 uoluit
1470 2268 1564 2307 NL.

256 2323 271 2347 4
300 2324 430 2373 regiis
452 2323 677 2362 Halmius:
709 2322 815 2373 regii
836 2322 895 2361 B:
928 2322 1042 2373 regis
1063 2322 1154 2361 NL.

253 2376 269 2400 ⁵
300 2376 550 2414 Molucham
570 2377 730 2415 Aldus:
767 2375 980 2413 molucam
1001 2377 1049 2414 B.

352 2506 366 2529 ¹
397 2506 489 2544 The
510 2505 705 2544 incident
726 2507 761 2544 is
781 2504 1008 2545 described
1029 2505 1087 2558 by
1109 2504 1274 2546 Sallust
1294 2507 1408 2557 (Juy.
1433 2507 1499 2556 93,
1522 2507 1581 2557 2).

205 2598 222 2628 1
235 2584 296 2639 64
