<?xml version="1.0" encoding="UTF-8"?>
<!DOCTYPE html PUBLIC "-//W3C//DTD XHTML 1.0 Transitional//EN"
    "http://www.w3.org/TR/xhtml1/DTD/xhtml1-transitional.dtd">
<html xmlns="http://www.w3.org/1999/xhtml" xml:lang="en" lang="en">
 <head>
  <title>
</title>
<meta http-equiv="Content-Type" content="text/html;charset=utf-8" />
  <meta name='ocr-system' content='tesseract 3.04.00' />
  <meta name='ocr-capabilities' content='ocr_page ocr_carea ocr_par ocr_line ocrx_word'/>
</head>
<body>
  <div class='ocr_page' id='page_1' title='image "./lannaeifloriquae00floruoft_0228.png"; bbox 0 0 1747 2912; ppageno 0'>
   <div class='ocr_carea' id='block_1_1' title="bbox 57 1948 127 1989">
    <p class='ocr_par' dir='ltr' id='par_1_1' title="bbox 57 1948 127 1989">
     <span class='ocr_line' id='line_1_1' title="bbox 57 1948 127 1989; baseline 0.014 -12"><span class='ocrx_word' id='word_1_1' title='bbox 57 1948 127 1989; x_wconf 81' lang='lat'>111,</span> 
     </span>
    </p>
   </div>
   <div class='ocr_carea' id='block_1_2' title="bbox 503 197 1266 246">
    <p class='ocr_par' dir='ltr' id='par_1_2' title="bbox 503 197 1266 246">
     <span class='ocr_line' id='line_1_2' title="bbox 503 197 1266 246; baseline -0.001 0"><span class='ocrx_word' id='word_1_2' title='bbox 503 199 559 246; x_wconf 91' lang='lat' dir='ltr'>L.</span> <span class='ocrx_word' id='word_1_3' title='bbox 609 197 947 245; x_wconf 90' lang='lat' dir='ltr'>ANNAEUS</span> <span class='ocrx_word' id='word_1_4' title='bbox 998 197 1266 245; x_wconf 89' lang='lat' dir='ltr'>FLORUS</span> 
     </span>
    </p>
   </div>
   <div class='ocr_carea' id='block_1_3' title="bbox 141 326 1629 1528">
    <p class='ocr_par' dir='ltr' id='par_1_3' title="bbox 141 326 1629 1528">
     <span class='ocr_line' id='line_1_3' title="bbox 143 326 1626 391; baseline -0.002 -14"><span class='ocrx_word' id='word_1_5' title='bbox 143 329 381 391; x_wconf 86' lang='lat' dir='ltr'>expedita</span> <span class='ocrx_word' id='word_1_6' title='bbox 421 344 572 373; x_wconf 90' lang='lat' dir='ltr'>manu</span> <span class='ocrx_word' id='word_1_7' title='bbox 605 342 837 373; x_wconf 91' lang='lat' dir='ltr'>emensus</span> <span class='ocrx_word' id='word_1_8' title='bbox 876 326 1106 383; x_wconf 84' lang='lat' dir='ltr'>Galliam,</span> <span class='ocrx_word' id='word_1_9' title='bbox 1142 333 1196 373; x_wconf 93' lang='lat' dir='ltr'>et</span> <span class='ocrx_word' id='word_1_10' title='bbox 1224 343 1287 373; x_wconf 88' lang='lat' dir='ltr'>ex</span> <span class='ocrx_word' id='word_1_11' title='bbox 1322 327 1626 374; x_wconf 90' lang='lat' dir='ltr'>distantibus</span> 
     </span>
     <span class='ocr_line' id='line_1_4' title="bbox 143 394 1627 450; baseline -0.003 -7"><span class='ocrx_word' id='word_1_12' title='bbox 143 398 365 443; x_wconf 90' lang='lat' dir='ltr'>hibernis</span> <span class='ocrx_word' id='word_1_13' title='bbox 403 402 563 440; x_wconf 86' lang='lat' dir='ltr'>castra</span> <span class='ocrx_word' id='word_1_14' title='bbox 604 398 868 450; x_wconf 77' lang='lat' dir='ltr'>contraxit,</span> <span class='ocrx_word' id='word_1_15' title='bbox 906 400 959 439; x_wconf 87' lang='lat' dir='ltr'>et</span> <span class='ocrx_word' id='word_1_16' title='bbox 1005 400 1124 440; x_wconf 90' lang='lat' dir='ltr'>ante</span> <span class='ocrx_word' id='word_1_17' title='bbox 1161 397 1215 439; x_wconf 94' lang='lat' dir='ltr'>in</span> <span class='ocrx_word' id='word_1_18' title='bbox 1255 394 1422 440; x_wconf 91' lang='lat' dir='ltr'>media</span> <span class='ocrx_word' id='word_1_19' title='bbox 1463 394 1627 440; x_wconf 87' lang='lat' dir='ltr'>Gallia</span> 
     </span>
     <span class='ocr_line' id='line_1_5' title="bbox 142 461 1628 526; baseline -0.001 -16"><span class='ocrx_word' id='word_1_20' title='bbox 142 465 254 520; x_wconf 88' lang='lat' dir='ltr'>fuit,</span> <span class='ocrx_word' id='word_1_21' title='bbox 290 479 439 526; x_wconf 87' lang='lat' dir='ltr'>quam</span> <span class='ocrx_word' id='word_1_22' title='bbox 478 463 540 507; x_wconf 87' lang='lat' dir='ltr'>ab</span> <span class='ocrx_word' id='word_1_23' title='bbox 583 461 761 507; x_wconf 92' lang='lat' dir='ltr'>ultima</span> <span class='ocrx_word' id='word_1_24' title='bbox 797 464 1075 508; x_wconf 72' lang='lat' dir='ltr'><strong>timeretur.</strong></span> <span class='ocrx_word' id='word_1_25' title='bbox 1149 461 1279 506; x_wconf 92' lang='lat' dir='ltr'>Tum</span> <span class='ocrx_word' id='word_1_26' title='bbox 1320 465 1427 523; x_wconf 90' lang='lat' dir='ltr'>ipsa</span> <span class='ocrx_word' id='word_1_27' title='bbox 1463 465 1628 523; x_wconf 87' lang='lat' dir='ltr'>capita</span> 
     </span>
     <span class='ocr_line' id='line_1_6' title="bbox 142 527 1627 591; baseline -0.003 -14"><span class='ocrx_word' id='word_1_28' title='bbox 142 531 263 577; x_wconf 90' lang='lat' dir='ltr'>belli</span> <span class='ocrx_word' id='word_1_29' title='bbox 337 530 601 591; x_wconf 88' lang='lat' dir='ltr'>adgressus</span> <span class='ocrx_word' id='word_1_30' title='bbox 674 529 839 584; x_wconf 89' lang='lat' dir='ltr'>urbes,</span> <span class='ocrx_word' id='word_1_31' title='bbox 911 528 1179 573; x_wconf 83' lang='lat' dir='ltr'>Avaricum</span> <span class='ocrx_word' id='word_1_32' title='bbox 1204 527 1225 556; x_wconf 81' lang='lat'>1</span> <span class='ocrx_word' id='word_1_33' title='bbox 1295 528 1627 590; x_wconf 87' lang='lat' dir='ltr'>quadraginta</span> 
     </span>
     <span class='ocr_line' id='line_1_7' title="bbox 143 592 1628 659; baseline -0.002 -15"><span class='ocrx_word' id='word_1_34' title='bbox 143 599 335 644; x_wconf 88' lang='lat' dir='ltr'>milium</span> <span class='ocrx_word' id='word_1_35' title='bbox 382 599 808 658; x_wconf 78' lang='lat' dir='ltr'>propugnantium</span> <span class='ocrx_word' id='word_1_36' title='bbox 849 592 1134 659; x_wconf 82' lang='lat' dir='ltr'>[sustulit],2</span> <span class='ocrx_word' id='word_1_37' title='bbox 1182 594 1403 641; x_wconf 86' lang='lat' dir='ltr'><strong>Alesiam</strong></span> <span class='ocrx_word' id='word_1_38' title='bbox 1440 595 1628 642; x_wconf 90' lang='lat' dir='ltr'>ducen-</span> 
     </span>
     <span class='ocr_line' id='line_1_8' title="bbox 141 662 1626 727; baseline -0.003 -15"><span class='ocrx_word' id='word_1_39' title='bbox 141 674 308 712; x_wconf 85' lang='lat' dir='ltr'>torum</span> <span class='ocrx_word' id='word_1_40' title='bbox 366 666 734 727; x_wconf 80' lang='lat' dir='ltr'>quinquaginta</span> <span class='ocrx_word' id='word_1_41' title='bbox 789 662 983 708; x_wconf 91' lang='lat' dir='ltr'>milium</span> <span class='ocrx_word' id='word_1_42' title='bbox 1040 665 1306 708; x_wconf 90' lang='lat' dir='ltr'>iuventute</span> <span class='ocrx_word' id='word_1_43' title='bbox 1365 663 1626 708; x_wconf 85' lang='lat' dir='ltr'>subnixam</span> 
     </span>
     <span class='ocr_line' id='line_1_9' title="bbox 141 729 1627 791; baseline -0.002 -13"><span class='ocrx_word' id='word_1_44' title='bbox 141 733 349 778; x_wconf 85' lang='lat' dir='ltr'>flammis</span> <span class='ocrx_word' id='word_1_45' title='bbox 395 731 706 791; x_wconf 88' lang='lat' dir='ltr'>adaequavit.</span> <span class='ocrx_word' id='word_1_46' title='bbox 781 730 921 774; x_wconf 84' lang='lat' dir='ltr'>Circa</span> <span class='ocrx_word' id='word_1_47' title='bbox 969 729 1272 790; x_wconf 88' lang='lat' dir='ltr'>Gergoviam</span> <span class='ocrx_word' id='word_1_48' title='bbox 1311 729 1627 776; x_wconf 83' lang='lat' dir='ltr'>Avernorum</span> 
     </span>
     <span class='ocr_line' id='line_1_10' title="bbox 142 796 1627 858; baseline -0.004 -11"><span class='ocrx_word' id='word_1_49' title='bbox 142 807 251 847; x_wconf 88' lang='lat' dir='ltr'>tota</span> <span class='ocrx_word' id='word_1_50' title='bbox 274 799 396 845; x_wconf 91' lang='lat' dir='ltr'>belli</span> <span class='ocrx_word' id='word_1_51' title='bbox 430 797 588 843; x_wconf 92' lang='lat' dir='ltr'>moles</span> <span class='ocrx_word' id='word_1_52' title='bbox 624 796 734 842; x_wconf 89' lang='lat' dir='ltr'>fuit.</span> <span class='ocrx_word' id='word_1_53' title='bbox 810 796 1011 858; x_wconf 81' lang='lat' dir='ltr'>Quippe</span> <span class='ocrx_word' id='word_1_54' title='bbox 1049 813 1161 842; x_wconf 91' lang='lat' dir='ltr'>cum</span> <span class='ocrx_word' id='word_1_55' title='bbox 1197 800 1456 858; x_wconf 89' lang='lat' dir='ltr'>octoginta</span> <span class='ocrx_word' id='word_1_56' title='bbox 1490 796 1627 842; x_wconf 88' lang='lat' dir='ltr'>milia</span> 
     </span>
     <span class='ocr_line' id='line_1_11' title="bbox 143 863 1628 925; baseline -0.003 -13"><span class='ocrx_word' id='word_1_57' title='bbox 143 884 285 913; x_wconf 85' lang='lat' dir='ltr'>muro</span> <span class='ocrx_word' id='word_1_58' title='bbox 311 873 363 912; x_wconf 92' lang='lat' dir='ltr'>et</span> <span class='ocrx_word' id='word_1_59' title='bbox 388 881 500 910; x_wconf 88' lang='lat' dir='ltr'>arce</span> <span class='ocrx_word' id='word_1_60' title='bbox 527 871 579 910; x_wconf 90' lang='lat' dir='ltr'>et</span> <span class='ocrx_word' id='word_1_61' title='bbox 602 864 828 924; x_wconf 80' lang='lat' dir='ltr'>abruptis</span> <span class='ocrx_word' id='word_1_62' title='bbox 853 867 972 925; x_wconf 83' lang='lat' dir='ltr'>ripis</span> <span class='ocrx_word' id='word_1_63' title='bbox 997 863 1338 910; x_wconf 85' lang='lat' dir='ltr'>defenderent</span> <span class='ocrx_word' id='word_1_64' title='bbox 1361 867 1628 909; x_wconf 84' lang='lat' dir='ltr'>maximam</span> 
     </span>
     <span class='ocr_line' id='line_1_12' title="bbox 143 930 1627 993; baseline -0.002 -13"><span class='ocrx_word' id='word_1_65' title='bbox 143 938 417 990; x_wconf 86' lang='lat' dir='ltr'>civitatem,</span> <span class='ocrx_word' id='word_1_66' title='bbox 452 932 581 976; x_wconf 85' lang='lat' dir='ltr'>vallo</span> <span class='ocrx_word' id='word_1_67' title='bbox 618 931 823 976; x_wconf 91' lang='lat' dir='ltr'>sudibus</span> <span class='ocrx_word' id='word_1_68' title='bbox 859 937 913 976; x_wconf 88' lang='lat' dir='ltr'>et</span> <span class='ocrx_word' id='word_1_69' title='bbox 950 930 1081 976; x_wconf 87' lang='lat' dir='ltr'>fossa</span> <span class='ocrx_word' id='word_1_70' title='bbox 1119 931 1428 993; x_wconf 89' lang='lat' dir='ltr'>inductoque</span> <span class='ocrx_word' id='word_1_71' title='bbox 1467 930 1627 977; x_wconf 91' lang='lat' dir='ltr'>fossae</span> 
     </span>
     <span class='ocr_line' id='line_1_13' title="bbox 141 997 1627 1061; baseline -0.001 -14"><span class='ocrx_word' id='word_1_72' title='bbox 141 1002 361 1057; x_wconf 88' lang='lat' dir='ltr'>flumine,</span> <span class='ocrx_word' id='word_1_73' title='bbox 395 999 458 1045; x_wconf 92' lang='lat' dir='ltr'>ad</span> <span class='ocrx_word' id='word_1_74' title='bbox 494 999 588 1044; x_wconf 90' lang='lat' dir='ltr'>hoc</span> <span class='ocrx_word' id='word_1_75' title='bbox 624 998 801 1044; x_wconf 88' lang='lat' dir='ltr'>decem</span> <span class='ocrx_word' id='word_1_76' title='bbox 838 1004 892 1043; x_wconf 92' lang='lat' dir='ltr'>et</span> <span class='ocrx_word' id='word_1_77' title='bbox 927 1004 1041 1043; x_wconf 90' lang='lat' dir='ltr'>octo</span> <span class='ocrx_word' id='word_1_78' title='bbox 1077 997 1294 1044; x_wconf 86' lang='lat' dir='ltr'>castellis</span> <span class='ocrx_word' id='word_1_79' title='bbox 1327 1001 1627 1061; x_wconf 86' lang='lat' dir='ltr'>ingentique</span> 
     </span>
     <span class='ocr_line' id='line_1_14' title="bbox 141 1063 1628 1127; baseline -0.003 -13"><span class='ocrx_word' id='word_1_80' title='bbox 141 1069 293 1114; x_wconf 88' lang='lat' dir='ltr'>lorica</span> <span class='ocrx_word' id='word_1_81' title='bbox 352 1066 710 1112; x_wconf 85' lang='lat' dir='ltr'>circumdatam</span> <span class='ocrx_word' id='word_1_82' title='bbox 768 1068 984 1127; x_wconf 88' lang='lat' dir='ltr'>primum</span> <span class='ocrx_word' id='word_1_83' title='bbox 1050 1063 1183 1110; x_wconf 89' lang='lat' dir='ltr'>fame</span> <span class='ocrx_word' id='word_1_84' title='bbox 1242 1065 1453 1122; x_wconf 87' lang='lat' dir='ltr'>domuit,</span> <span class='ocrx_word' id='word_1_85' title='bbox 1511 1082 1628 1111; x_wconf 90' lang='lat' dir='ltr'>mox</span> 
     </span>
     <span class='ocr_line' id='line_1_15' title="bbox 142 1132 1628 1194; baseline -0.003 -12"><span class='ocrx_word' id='word_1_86' title='bbox 142 1136 415 1182; x_wconf 88' lang='lat' dir='ltr'>audentem</span> <span class='ocrx_word' id='word_1_87' title='bbox 453 1137 743 1194; x_wconf 88' lang='lat' dir='ltr'>eruptiones</span> <span class='ocrx_word' id='word_1_88' title='bbox 789 1136 841 1177; x_wconf 90' lang='lat' dir='ltr'>in</span> <span class='ocrx_word' id='word_1_89' title='bbox 888 1132 1017 1177; x_wconf 88' lang='lat' dir='ltr'>vallo</span> <span class='ocrx_word' id='word_1_90' title='bbox 1052 1132 1357 1194; x_wconf 84' lang='lat' dir='ltr'>sudibusque</span> <span class='ocrx_word' id='word_1_91' title='bbox 1393 1132 1628 1190; x_wconf 85' lang='lat' dir='ltr'>concidit,</span> 
     </span>
     <span class='ocr_line' id='line_1_16' title="bbox 145 1199 1628 1261; baseline -0.003 -12"><span class='ocrx_word' id='word_1_92' title='bbox 145 1206 412 1249; x_wconf 84' lang='lat' dir='ltr'>novissime</span> <span class='ocrx_word' id='word_1_93' title='bbox 459 1204 510 1245; x_wconf 92' lang='lat' dir='ltr'>in</span> <span class='ocrx_word' id='word_1_94' title='bbox 569 1200 882 1245; x_wconf 88' lang='lat' dir='ltr'>deditionem</span> <span class='ocrx_word' id='word_1_95' title='bbox 940 1199 1153 1260; x_wconf 87' lang='lat' dir='ltr'>redegit.</span> <span class='ocrx_word' id='word_1_96' title='bbox 1229 1200 1342 1261; x_wconf 91' lang='lat' dir='ltr'>Ipse</span> <span class='ocrx_word' id='word_1_97' title='bbox 1390 1199 1475 1245; x_wconf 93' lang='lat' dir='ltr'>ille</span> <span class='ocrx_word' id='word_1_98' title='bbox 1523 1216 1628 1257; x_wconf 85' lang='lat' dir='ltr'>rex,</span> 
     </span>
     <span class='ocr_line' id='line_1_17' title="bbox 142 1266 1629 1328; baseline -0.003 -12"><span class='ocrx_word' id='word_1_99' title='bbox 142 1274 414 1316; x_wconf 86' lang='lat' dir='ltr'>maximum</span> <span class='ocrx_word' id='word_1_100' title='bbox 454 1271 691 1312; x_wconf 86' lang='lat' dir='ltr'>victoriae</span> <span class='ocrx_word' id='word_1_101' title='bbox 740 1267 908 1323; x_wconf 88' lang='lat' dir='ltr'>decus,</span> <span class='ocrx_word' id='word_1_102' title='bbox 948 1266 1159 1328; x_wconf 87' lang='lat' dir='ltr'>supplex</span> <span class='ocrx_word' id='word_1_103' title='bbox 1208 1283 1322 1312; x_wconf 91' lang='lat' dir='ltr'>cum</span> <span class='ocrx_word' id='word_1_104' title='bbox 1368 1270 1422 1312; x_wconf 91' lang='lat' dir='ltr'>in</span> <span class='ocrx_word' id='word_1_105' title='bbox 1469 1274 1629 1313; x_wconf 89' lang='lat' dir='ltr'>castra</span> 
     </span>
     <span class='ocr_line' id='line_1_18' title="bbox 146 1333 1628 1396; baseline -0.001 -14"><span class='ocrx_word' id='word_1_106' title='bbox 146 1341 382 1392; x_wconf 89' lang='lat' dir='ltr'>venisset,</span> <span class='ocrx_word' id='word_1_107' title='bbox 430 1351 616 1396; x_wconf 91' lang='lat' dir='ltr'>equum</span> <span class='ocrx_word' id='word_1_108' title='bbox 676 1340 730 1380; x_wconf 94' lang='lat' dir='ltr'>et</span> <span class='ocrx_word' id='word_1_109' title='bbox 776 1333 1005 1395; x_wconf 87' lang='lat' dir='ltr'>phaleras</span> <span class='ocrx_word' id='word_1_110' title='bbox 1066 1340 1119 1379; x_wconf 91' lang='lat' dir='ltr'>et</span> <span class='ocrx_word' id='word_1_111' title='bbox 1176 1350 1264 1379; x_wconf 90' lang='lat' dir='ltr'>sua</span> <span class='ocrx_word' id='word_1_112' title='bbox 1315 1350 1451 1379; x_wconf 89' lang='lat' dir='ltr'>arma</span> <span class='ocrx_word' id='word_1_113' title='bbox 1508 1341 1628 1380; x_wconf 89' lang='lat' dir='ltr'>ante</span> 
     </span>
     <span class='ocr_line' id='line_1_19' title="bbox 145 1399 1629 1464; baseline -0.002 -14"><span class='ocrx_word' id='word_1_114' title='bbox 145 1406 365 1451; x_wconf 85' lang='lat' dir='ltr'>Caesaris</span> <span class='ocrx_word' id='word_1_115' title='bbox 384 1419 549 1464; x_wconf 87' lang='lat' dir='ltr'>genua</span> <span class='ocrx_word' id='word_1_116' title='bbox 568 1404 792 1463; x_wconf 91' lang='lat' dir='ltr'>proiecit.</span> <span class='ocrx_word' id='word_1_117' title='bbox 867 1406 895 1426; x_wconf 86' lang='lat'><strong>“</strong></span> <span class='ocrx_word' id='word_1_118' title='bbox 914 1400 1112 1458; x_wconf 87' lang='lat' dir='ltr'>Habe,’&#39;</span> <span class='ocrx_word' id='word_1_119' title='bbox 1131 1399 1153 1429; x_wconf 81' lang='lat'><strong>³</strong></span> <span class='ocrx_word' id='word_1_120' title='bbox 1189 1404 1370 1463; x_wconf 90' lang='lat' dir='ltr'>inquit,</span> <span class='ocrx_word' id='word_1_121' title='bbox 1396 1400 1629 1448; x_wconf 84' lang='lat' dir='ltr'>“fortem</span> 
     </span>
     <span class='ocr_line' id='line_1_20' title="bbox 143 1467 960 1528; baseline -0.004 -11"><span class='ocrx_word' id='word_1_122' title='bbox 143 1476 319 1528; x_wconf 92' lang='lat' dir='ltr'>virum,</span> <span class='ocrx_word' id='word_1_123' title='bbox 344 1474 417 1515; x_wconf 86' lang='lat' dir='ltr'>vir</span> <span class='ocrx_word' id='word_1_124' title='bbox 441 1469 726 1525; x_wconf 88' lang='lat' dir='ltr'>fortissime,</span> <span class='ocrx_word' id='word_1_125' title='bbox 751 1467 960 1514; x_wconf 90' lang='lat' dir='ltr'>vicisti.&#39;&#39;</span> 
     </span>
    </p>
   </div>
   <div class='ocr_carea' id='block_1_4' title="bbox 501 1831 1255 1879">
    <p class='ocr_par' dir='ltr' id='par_1_4' title="bbox 501 1831 1255 1879">
     <span class='ocr_line' id='line_1_21' title="bbox 501 1831 1255 1879; baseline -0.003 -1"><span class='ocrx_word' id='word_1_126' title='bbox 501 1832 681 1879; x_wconf 89' lang='lat' dir='ltr'>XLVI.</span> <span class='ocrx_word' id='word_1_127' title='bbox 722 1832 920 1877; x_wconf 72' lang='lat' dir='ltr'>BELLVM</span> <span class='ocrx_word' id='word_1_128' title='bbox 961 1831 1255 1876; x_wconf 67' lang='lat' dir='ltr'>PAnTfflcvM</span> 
     </span>
    </p>
   </div>
   <div class='ocr_carea' id='block_1_5' title="bbox 144 1927 1632 2128">
    <p class='ocr_par' dir='ltr' id='par_1_5' title="bbox 144 1927 1632 2128">
     <span class='ocr_line' id='line_1_22' title="bbox 147 1927 1631 1992; baseline -0.001 -15"><span class='ocrx_word' id='word_1_129' title='bbox 147 1932 202 1978; x_wconf 86' lang='lat'>11</span> <span class='ocrx_word' id='word_1_130' title='bbox 243 1931 365 1976; x_wconf 80' lang='lat' dir='ltr'>DUM</span> <span class='ocrx_word' id='word_1_131' title='bbox 394 1930 564 1976; x_wconf 88' lang='lat' dir='ltr'>Gallos</span> <span class='ocrx_word' id='word_1_132' title='bbox 594 1947 684 1992; x_wconf 90' lang='lat' dir='ltr'>per</span> <span class='ocrx_word' id='word_1_133' title='bbox 710 1930 972 1976; x_wconf 87' lang='lat' dir='ltr'>Caesarem</span> <span class='ocrx_word' id='word_1_134' title='bbox 997 1933 1048 1974; x_wconf 84' lang='lat' dir='ltr'>in</span> <span class='ocrx_word' id='word_1_135' title='bbox 1074 1931 1423 1990; x_wconf 84' lang='lat' dir='ltr'>septentrione</span> <span class='ocrx_word' id='word_1_136' title='bbox 1457 1927 1631 1975; x_wconf 90' lang='lat' dir='ltr'>debel-</span> 
     </span>
     <span class='ocr_line' id='line_1_23' title="bbox 145 1995 1632 2059; baseline -0.001 -15"><span class='ocrx_word' id='word_1_137' title='bbox 145 1999 231 2055; x_wconf 87' lang='lat' dir='ltr'>lat,</span> <span class='ocrx_word' id='word_1_138' title='bbox 268 2002 374 2059; x_wconf 90' lang='lat' dir='ltr'>ipse</span> <span class='ocrx_word' id='word_1_139' title='bbox 400 2001 605 2043; x_wconf 90' lang='lat' dir='ltr'>interim</span> <span class='ocrx_word' id='word_1_140' title='bbox 635 1997 699 2043; x_wconf 90' lang='lat' dir='ltr'>ad</span> <span class='ocrx_word' id='word_1_141' title='bbox 724 2001 972 2043; x_wconf 82' lang='lat' dir='ltr'>orientem</span> <span class='ocrx_word' id='word_1_142' title='bbox 1005 2012 1156 2058; x_wconf 87' lang='lat' dir='ltr'>grave</span> <span class='ocrx_word' id='word_1_143' title='bbox 1181 1995 1356 2041; x_wconf 89' lang='lat' dir='ltr'>volnus</span> <span class='ocrx_word' id='word_1_144' title='bbox 1380 2012 1410 2041; x_wconf 87' lang='lat' dir='ltr'>a</span> <span class='ocrx_word' id='word_1_145' title='bbox 1436 1995 1632 2042; x_wconf 91' lang='lat' dir='ltr'>Parthis</span> 
     </span>
     <span class='ocr_line' id='line_1_24' title="bbox 144 2062 1632 2128; baseline -0.001 -17"><span class='ocrx_word' id='word_1_146' title='bbox 144 2065 357 2128; x_wconf 90' lang='lat' dir='ltr'>populus</span> <span class='ocrx_word' id='word_1_147' title='bbox 401 2065 652 2110; x_wconf 88' lang='lat' dir='ltr'>Romanus</span> <span class='ocrx_word' id='word_1_148' title='bbox 699 2068 907 2126; x_wconf 88' lang='lat' dir='ltr'>accepit.</span> <span class='ocrx_word' id='word_1_149' title='bbox 984 2064 1028 2108; x_wconf 89' lang='lat' dir='ltr'>N</span> <span class='ocrx_word' id='word_1_150' title='bbox 1035 2080 1091 2110; x_wconf 91' lang='lat' dir='ltr'>ec</span> <span class='ocrx_word' id='word_1_151' title='bbox 1132 2062 1197 2108; x_wconf 91' lang='lat' dir='ltr'>de</span> <span class='ocrx_word' id='word_1_152' title='bbox 1239 2063 1442 2108; x_wconf 86' lang='lat' dir='ltr'>fortuna</span> <span class='ocrx_word' id='word_1_153' title='bbox 1489 2067 1632 2125; x_wconf 87' lang='lat' dir='ltr'>queri</span> 
     </span>
    </p>
   </div>
   <div class='ocr_carea' id='block_1_6' title="bbox 94 2129 1632 2194">
    <p class='ocr_par' dir='ltr' id='par_1_6' title="bbox 94 2129 1632 2194">
     <span class='ocr_line' id='line_1_25' title="bbox 94 2129 1632 2194; baseline -0.002 -16"><span class='ocrx_word' id='word_1_154' title='bbox 94 2139 119 2178; x_wconf 85' lang='lat'><strong>2</strong></span> <span class='ocrx_word' id='word_1_155' title='bbox 145 2149 433 2194; x_wconf 89' lang='lat' dir='ltr'>possumus;</span> <span class='ocrx_word' id='word_1_156' title='bbox 471 2138 609 2178; x_wconf 90' lang='lat' dir='ltr'>caret</span> <span class='ocrx_word' id='word_1_157' title='bbox 651 2131 833 2177; x_wconf 89' lang='lat' dir='ltr'>solacio</span> <span class='ocrx_word' id='word_1_158' title='bbox 865 2130 1045 2176; x_wconf 86' lang='lat' dir='ltr'>clades.</span> <span class='ocrx_word' id='word_1_159' title='bbox 1119 2129 1357 2176; x_wconf 88' lang='lat' dir='ltr'>Adversis</span> <span class='ocrx_word' id='word_1_160' title='bbox 1387 2137 1441 2176; x_wconf 90' lang='lat' dir='ltr'>et</span> <span class='ocrx_word' id='word_1_161' title='bbox 1472 2130 1548 2176; x_wconf 92' lang='lat' dir='ltr'>dis</span> <span class='ocrx_word' id='word_1_162' title='bbox 1579 2137 1632 2176; x_wconf 88' lang='lat' dir='ltr'>et</span> 
     </span>
    </p>
   </div>
   <div class='ocr_carea' id='block_1_7' title="bbox 145 2196 1632 2326">
    <p class='ocr_par' dir='ltr' id='par_1_7' title="bbox 145 2196 1632 2326">
     <span class='ocr_line' id='line_1_26' title="bbox 145 2196 1632 2261; baseline -0.001 -16"><span class='ocrx_word' id='word_1_163' title='bbox 145 2201 430 2245; x_wconf 86' lang='lat' dir='ltr'>hominibus</span> <span class='ocrx_word' id='word_1_164' title='bbox 478 2198 726 2261; x_wconf 87' lang='lat' dir='ltr'>cupiditas</span> <span class='ocrx_word' id='word_1_165' title='bbox 764 2198 979 2244; x_wconf 91' lang='lat' dir='ltr'>consulis</span> <span class='ocrx_word' id='word_1_166' title='bbox 1020 2197 1194 2253; x_wconf 90' lang='lat' dir='ltr'>Crassi,</span> <span class='ocrx_word' id='word_1_167' title='bbox 1233 2196 1354 2242; x_wconf 92' lang='lat' dir='ltr'>dum</span> <span class='ocrx_word' id='word_1_168' title='bbox 1400 2197 1632 2243; x_wconf 89' lang='lat' dir='ltr'>Parthico</span> 
     </span>
     <span class='ocr_line' id='line_1_27' title="bbox 146 2264 1631 2326; baseline -0.002 -14"><span class='ocrx_word' id='word_1_169' title='bbox 146 2267 308 2313; x_wconf 88' lang='lat' dir='ltr'>inhiat</span> <span class='ocrx_word' id='word_1_170' title='bbox 366 2283 502 2324; x_wconf 86' lang='lat' dir='ltr'>aurO,</span> <span class='ocrx_word' id='word_1_171' title='bbox 549 2265 785 2312; x_wconf 89' lang='lat' dir='ltr'>undecim</span> <span class='ocrx_word' id='word_1_172' title='bbox 845 2272 1013 2326; x_wconf 84' lang='lat' dir='ltr'>strage</span> <span class='ocrx_word' id='word_1_173' title='bbox 1073 2264 1330 2325; x_wconf 89' lang='lat' dir='ltr'>legionum</span> <span class='ocrx_word' id='word_1_174' title='bbox 1377 2270 1432 2310; x_wconf 87' lang='lat' dir='ltr'>et</span> <span class='ocrx_word' id='word_1_175' title='bbox 1477 2268 1631 2326; x_wconf 89' lang='lat' dir='ltr'>ipsius</span> 
     </span>
    </p>
   </div>
   <div class='ocr_carea' id='block_1_8' title="bbox 141 2393 1632 2489">
    <p class='ocr_par' dir='ltr' id='par_1_8' title="bbox 141 2393 1632 2489">
     <span class='ocr_line' id='line_1_28' title="bbox 201 2393 1632 2435; baseline -0.001 -1"><span class='ocrx_word' id='word_1_176' title='bbox 201 2396 216 2419; x_wconf 83' lang='lat'>1</span> <span class='ocrx_word' id='word_1_177' title='bbox 244 2396 509 2435; x_wconf 83' lang='lat' dir='ltr'>Avaricum:</span> <span class='ocrx_word' id='word_1_178' title='bbox 552 2394 783 2434; x_wconf 84' lang='lat' dir='ltr'>salaricum</span> <span class='ocrx_word' id='word_1_179' title='bbox 813 2395 876 2434; x_wconf 83' lang='lat' dir='ltr'>B:</span> <span class='ocrx_word' id='word_1_180' title='bbox 915 2394 1153 2433; x_wconf 85' lang='lat' dir='ltr'>alvaricum</span> <span class='ocrx_word' id='word_1_181' title='bbox 1190 2393 1259 2432; x_wconf 92' lang='lat' dir='ltr'>N:</span> <span class='ocrx_word' id='word_1_182' title='bbox 1301 2393 1539 2432; x_wconf 86' lang='lat' dir='ltr'>aviaricum</span> <span class='ocrx_word' id='word_1_183' title='bbox 1583 2396 1632 2433; x_wconf 73' lang='lat' dir='ltr'>in</span> 
     </span>
     <span class='ocr_line' id='line_1_29' title="bbox 141 2449 576 2489; baseline 0.002 -1"><span class='ocrx_word' id='word_1_184' title='bbox 141 2449 383 2489; x_wconf 84' lang='lat' dir='ltr'>alvaricum</span> <span class='ocrx_word' id='word_1_185' title='bbox 401 2453 505 2488; x_wconf 73' lang='lat' dir='ltr'>mut.</span> <span class='ocrx_word' id='word_1_186' title='bbox 528 2449 576 2489; x_wconf 91' lang='lat' dir='ltr'>L.</span> 
     </span>
    </p>
   </div>
   <div class='ocr_carea' id='block_1_9' title="bbox 200 2503 900 2597">
    <p class='ocr_par' dir='ltr' id='par_1_9' title="bbox 200 2503 900 2597">
     <span class='ocr_line' id='line_1_30' title="bbox 200 2503 753 2542; baseline -0.002 0"><span class='ocrx_word' id='word_1_187' title='bbox 200 2503 216 2527; x_wconf 81' lang='lat'><strong>²</strong></span> <span class='ocrx_word' id='word_1_188' title='bbox 246 2503 428 2542; x_wconf 82' lang='lat' dir='ltr'>sustulit</span> <span class='ocrx_word' id='word_1_189' title='bbox 445 2503 533 2542; x_wconf 71' lang='lat' dir='ltr'>secl.</span> <span class='ocrx_word' id='word_1_190' title='bbox 558 2503 753 2542; x_wconf 56' lang='lat' dir='ltr'>Iahnius.</span> 
     </span>
     <span class='ocr_line' id='line_1_31' title="bbox 202 2556 900 2597; baseline 0.003 -2"><span class='ocrx_word' id='word_1_191' title='bbox 202 2557 218 2580; x_wconf 76' lang='lat'>³</span> <span class='ocrx_word' id='word_1_192' title='bbox 248 2557 358 2596; x_wconf 87' lang='lat' dir='ltr'>habe</span> <span class='ocrx_word' id='word_1_193' title='bbox 378 2558 574 2596; x_wconf 76' lang='lat' dir='ltr'>Petrarca</span> <span class='ocrx_word' id='word_1_194' title='bbox 598 2572 607 2596; x_wconf 90' lang='lat'><strong>:</strong></span> <span class='ocrx_word' id='word_1_195' title='bbox 637 2556 771 2595; x_wconf 87' lang='lat' dir='ltr'>habes</span> <span class='ocrx_word' id='word_1_196' title='bbox 790 2557 900 2597; x_wconf 78' lang='lat' dir='ltr'>codd.</span> 
     </span>
    </p>
   </div>
   <div class='ocr_carea' id='block_1_10' title="bbox 148 2633 242 2679">
    <p class='ocr_par' dir='ltr' id='par_1_10' title="bbox 148 2633 242 2679">
     <span class='ocr_line' id='line_1_32' title="bbox 148 2633 242 2679; baseline -0.011 0"><span class='ocrx_word' id='word_1_197' title='bbox 148 2633 242 2679; x_wconf 87' lang='lat'>208</span> 
     </span>
    </p>
   </div>
  </div>
 </body>
</html>
