1802 2942
650 100 1043 149 CORNELIUS
1088 100 1310 150 NEPOS

174 237 198 275 6
224 227 753 291 Karthaginiensibus,
806 227 1096 275 Hamilcare
1149 235 1204 275 et
1256 227 1562 275 Hannibale.
1635 227 1718 275 De

226 312 326 358 quo
362 294 458 342 hoc
493 295 639 357 plura
676 294 973 351 referemus,
1012 295 1150 358 quod
1187 301 1241 342 et
1278 296 1566 342 obscuriora
1600 303 1720 342 sunt

227 367 333 409 eius
355 369 504 425 gesta
524 362 769 425 pleraque
793 369 846 409 et
870 378 931 408 ea
953 379 1086 425 quae
1107 378 1348 424 prospere
1372 365 1419 408 ei
1440 369 1719 416 cesserunt,

225 446 326 475 non
367 430 722 492 magnitudine
764 432 1040 491 copiarum,
1082 429 1174 476 sed
1215 428 1424 484 consilii,
1466 445 1566 491 quo
1607 436 1720 475 tum

226 512 400 542 omnes
450 497 744 558 superabat,
794 496 1116 551 acciderunt3
1183 512 1397 558 quorum
1445 498 1541 542 nisi
1588 498 1719 542 ratio

226 563 481 626 explicata
506 562 679 619 fuerit,
705 579 786 610 res
814 579 1060 626 apparere
1087 579 1188 609 non
1215 569 1475 626 poterunt.

666 813 805 860 XIV.
874 813 1212 860 DATAMES

290 911 337 961 1.
375 911 643 968 Datames,
669 918 818 974 patre
846 911 1121 966 Camisare,
1147 914 1356 958 natione
1384 910 1530 967 Care,
1555 918 1722 958 matre

229 978 489 1042 Scythissa
503 982 902 1041 natus,primum
917 978 1137 1024 militum
1152 979 1230 1024 in1
1247 995 1458 1025 numero
1473 977 1572 1025 fuit
1587 978 1722 1041 apud

227 1047 553 1092 Artaxerxen
604 1063 779 1092 eorum
828 1049 915 1109 qui
962 1049 1157 1108 regiam
1205 1046 1500 1092 tuebantur.
1568 1044 1723 1092 Pater

229 1117 335 1159 eius
359 1113 660 1168 Camisares,
681 1113 818 1175 quod
840 1120 894 1159 et
914 1129 1070 1158 manu
1090 1111 1234 1158 fortis
1258 1120 1312 1158 et
1332 1112 1465 1158 bello
1487 1119 1722 1159 strenuus

229 1187 283 1226 et
310 1183 419 1258 regi
447 1180 619 1226 multis
647 1179 767 1226 locis
796 1179 957 1226 fidelis
987 1186 1099 1225 erat
1124 1186 1376 1241 repertus,
1403 1178 1585 1225 habuit
1610 1196 1723 1242 pro-

229 1250 444 1293 vinciam
462 1254 665 1309 partem
684 1246 888 1293 Ciliciae
907 1250 1053 1293 iuxta
1072 1246 1463 1308 Cappadociam,
1479 1263 1632 1308 quam
1648 1249 1723 1292 in-

178 1320 202 1357 2
228 1314 401 1360 colunt
417 1313 611 1360 Leucos
592 1317 707 1377 ε311.
770 1313 1037 1369 Datames,
1052 1313 1272 1359 militare
1287 1329 1470 1359 munus
1485 1312 1722 1376 fungens,

229 1384 449 1443 primum
475 1381 636 1444 qualis
663 1388 799 1427 esset
824 1383 1026 1443 aperuit
1048 1383 1101 1426 in
1124 1380 1258 1427 bello
1284 1380 1420 1443 quod
1438 1396 1528 1426 rex
1548 1380 1723 1427 adver-

234 1465 317 1494 sus
357 1448 599 1494 Cadusios
639 1451 814 1510 gessit.
901 1447 1135 1511 Namque
1174 1446 1272 1503 hic,
1310 1447 1483 1493 multis
1520 1447 1722 1493 milibus

229 1518 486 1578 regiorum
522 1513 847 1570 interfectis,2
871 1519 1047 1578 magni
1082 1514 1181 1561 fuit
1218 1519 1325 1562 eius
1363 1531 1534 1577 opera.
1606 1513 1720 1573 Quo

230 1581 426 1629 factum
448 1589 543 1638 est,
560 1600 677 1629 cum
702 1585 754 1628 in
779 1599 839 1629 eo
865 1581 999 1628 bello
1018 1582 1285 1628 cecidisset
1305 1581 1605 1637 Camisares,
1623 1588 1683 1628 ut
1698 1581 1719 1611 3

228 1656 446 1711 paterna
472 1652 517 1695 ei
543 1649 835 1695 traderetur
859 1651 1130 1710 provincia.

293 1716 340 1766 2.
378 1716 491 1762 Pari
517 1733 570 1762 se
596 1719 786 1762 virtute
811 1723 992 1777 postea
1014 1715 1270 1777 praebuit,
1293 1731 1409 1761 cum
1432 1713 1723 1776 Autophro-

230 1783 377 1829 dates
401 1787 538 1829 iussu
562 1786 695 1845 regis
720 1782 853 1829 bello
878 1789 1273 1845 persequeretur
1298 1798 1383 1828 eos
1409 1784 1494 1844 qui
1520 1780 1722 1828 defece-

229 1857 361 1896 rant.
431 1849 665 1912 Namque
699 1849 848 1895 huius
881 1866 1036 1911 opera
1068 1849 1259 1904 hostes,
1284 1865 1399 1894 cum
1423 1855 1590 1895 castra
1620 1851 1722 1895 iam

230 1920 525 1972 intrassent,
549 1916 804 1979 profligati
829 1923 948 1963 sunt
973 1919 1329 1978 exercitusque
1353 1915 1575 1978 reliquus
1604 1932 1721 1962 con-

235 1991 463 2030 servatus
477 1986 611 2047 regis
628 1990 707 2030 est
724 1998 736 2038 ;
761 1999 861 2046 qua
881 1999 945 2029 ex
962 1999 1017 2030 re
1032 1983 1304 2029 maioribus
1319 1983 1470 2029 rebus
1485 1997 1721 2045 praeesse

289 2108 307 2133 ²
332 2109 393 2155 in,
411 2108 541 2148 added
557 2109 607 2159 by
624 2108 662 2147 F
664 2108 785 2154 leck.;
816 2108 862 2146 in
878 2107 1008 2160 before
1025 2108 1228 2153 militum,
1243 2107 1288 2146 N
1292 2107 1381 2157 ipp.

291 2162 307 2185 ²
333 2163 481 2201 multis
522 2191 532 2202 .
569 2192 578 2202 .
616 2192 625 2201 .
658 2162 913 2208 interfectis,
952 2167 1028 2212 put
1077 2161 1181 2212 aster
1218 2162 1453 2200 intrassent
1493 2161 1549 2210 (2.
1589 2160 1630 2210 1)
1671 2160 1722 2210 by

233 2213 368 2262 Cobet,
378 2215 567 2266 followed
584 2215 681 2254 with
698 2216 926 2255 variations
942 2215 992 2266 by
1010 2214 1137 2254 Guill.

289 2270 304 2293 ³
332 2273 398 2315 ut,
419 2269 549 2309 added
569 2269 619 2319 by
637 2269 682 2307 H
685 2269 886 2319 eusinyer.

296 2399 312 2422 1
342 2397 465 2437 Since
491 2400 530 2437 2.
553 2400 579 2435 4
605 2410 740 2437 seems
761 2401 808 2436 to
826 2397 1016 2436 indicate
1036 2396 1135 2435 that
1155 2396 1229 2434 the
1255 2395 1425 2435 mother
1445 2396 1490 2434 of
1512 2395 1725 2435 Datames

237 2465 324 2490 was
344 2464 369 2489 a
389 2451 731 2503 Paphlagonian,
752 2463 869 2490 some
889 2450 991 2489 take
1010 2449 1232 2501 Scythissa
1251 2462 1298 2488 as
1317 2449 1393 2488 her
1410 2461 1550 2488 name.

233 2542 323 2589 510
