1802 2942
157 698 211 737 89

160 1036 213 1076 90

162 1370 214 1410 91

608 162 661 208 L.
714 158 1047 206 ANNAEUS
1095 157 1366 205 FLORUS

245 290 515 337 Celtiberia
543 293 748 336 interim
779 288 1042 335 abscondit
1072 287 1282 349 aliisque
1317 293 1432 348 post
1468 285 1730 332 Caesarem

244 358 388 404 bellis
413 361 640 403 servavit.

315 424 494 469 Caesar
546 427 598 468 in
646 426 858 484 patriam
905 425 1063 467 victor
1109 420 1379 478 invehitur,
1415 422 1631 481 primum
1667 418 1733 464 de

247 490 411 536 Gallia
468 490 781 551 triumphum
836 488 1073 535 trahens:
1132 487 1213 533 hic
1260 493 1369 533 erat
1430 486 1635 534 Rhenus
1681 492 1735 531 et

249 558 518 603 Rhodanus
567 564 618 603 et
678 573 740 602 ex
786 572 907 602 auro
964 558 1190 617 captivus
1238 555 1484 600 Oceanus.
1558 552 1735 599 Altera

243 624 410 670 laurus
446 626 737 686 Aegyptia:
785 629 908 669 tunc
953 626 1005 667 in
1057 622 1255 667 ferculis
1304 620 1464 677 Nilus,
1515 620 1730 666 Arsinoe

250 699 303 738 et
339 691 403 737 ad
439 692 757 736 simulacrum
803 693 996 752 ignium
1034 689 1215 734 ardens
1266 687 1462 734 Pharos.
1535 686 1736 733 Tertius

248 758 312 804 de
350 758 604 804 Pharnace
648 773 818 803 currus
857 763 910 802 et
949 757 1126 803 Ponto.
1199 755 1420 813 Quartus
1470 752 1645 800 Iubam
1684 760 1738 800 et

250 826 618 871 Mauretaniam
644 831 698 869 et
722 825 797 869 bis
815 825 1073 869 subactam
1093 822 1396 868 ostendebat
1422 822 1733 882 Hispaniam.

250 892 539 938 Pharsalia1
598 898 651 937 et
703 890 927 953 Thapsos
985 897 1038 937 et
1099 889 1293 935 Munda
1339 904 1598 951 nusquam.
1672 887 1739 934 Et

250 967 437 1024 quanto
461 963 647 1005 maiora
671 965 832 1014 erant,
858 958 923 1005 de
946 959 1127 1020 quibus
1152 973 1255 1003 non
1277 955 1651 1018 triumphabat!

321 1028 422 1073 Hic
461 1026 729 1089 aliquando
767 1025 878 1071 finis
924 1029 1073 1071 armis
1116 1024 1246 1080 fuit3
1293 1023 1486 1086 reliqua
1521 1038 1618 1085 pax
1663 1024 1739 1066 in-

253 1101 460 1140 cruenta
533 1100 901 1155 pensatumque
965 1093 1236 1139 clementia
1297 1090 1500 1137 bellum.
1576 1089 1740 1135 Nemo

255 1179 426 1208 caesus
473 1164 684 1222 imperio
731 1166 932 1222 praeter
979 1159 1244 1204 Afranium
1292 1158 1433 1220 (satis
1478 1160 1742 1218 ignoverat

251 1229 429 1291 semel)
456 1234 508 1274 et
535 1229 774 1274 Faustum
799 1226 991 1273 Sullam
1018 1226 1280 1287 (docuerat
1314 1240 1529 1287 generos
1558 1228 1740 1271 timere

258 1294 545 1358 Pompeius)
605 1295 857 1357 filiamque
920 1294 1125 1355 Pompei
1186 1309 1301 1339 cum
1368 1289 1623 1354 parvulis²
1679 1307 1742 1337 ex

253 1363 391 1409 Sulla
408 1363 428 1391 3
464 1362 567 1425 (hic
593 1366 806 1424 posteris
824 1360 1128 1423 cavebatur).
1203 1360 1381 1422 Itaque
1405 1375 1508 1404 non
1532 1361 1742 1421 ingratis

249 1431 437 1475 civibus
463 1445 636 1475 omnes
667 1433 718 1474 in
752 1431 1031 1490 principem
1065 1430 1293 1488 congesti
1327 1426 1577 1472 honores:
1614 1429 1743 1471 circa

254 1497 447 1558 templa
483 1499 745 1558 imagines,
769 1499 823 1541 in
857 1496 1059 1541 theatro
1096 1494 1336 1540 distincta
1371 1493 1521 1539 radiis
1547 1508 1742 1550 corona,

255 1570 522 1625 suggestus
571 1567 623 1608 in
671 1566 822 1620 curia,
861 1562 1118 1624 fastigium
1156 1565 1209 1606 in
1256 1561 1420 1617 domo,
1462 1563 1648 1606 mensis
1690 1563 1744 1605 in

254 1631 410 1688 caelo,
445 1630 508 1675 ad
545 1629 638 1675 hoc
676 1637 820 1691 pater
854 1633 961 1691 ipse
997 1632 1189 1691 patriae
1228 1634 1604 1690 perpetuusque
1639 1626 1743 1672 dic-

253 1705 401 1754 tator,
450 1701 732 1754 novissime,
782 1696 991 1742 dubium
1037 1712 1102 1741 an
1149 1699 1257 1757 ipso
1294 1693 1538 1752 volente‚4
1577 1693 1745 1740 oblata

313 1816 328 1839 1
359 1815 586 1854 Pharsalia
607 1831 615 1854 ι
646 1815 912 1866 pharsaliam
932 1816 985 1855 B.

311 1869 328 1893 ²
360 1883 456 1908 cum
491 1869 688 1920 parvulis
709 1870 976 1909 Perizonius:
1010 1872 1055 1907 et
1081 1867 1293 1920 parvulus
1312 1867 1377 1906 B:
1407 1879 1505 1906 cum
1528 1867 1744 1919 patruolis

256 1924 326 1963 N:
356 1936 452 1962 cum
474 1923 688 1974 patruelis
711 1922 761 1962 L.

313 1978 329 2001 ³
359 1990 410 2015 ex
434 1976 555 2017 Sulla
574 1978 639 2017 N:
674 1976 821 2028 exylla
841 1975 930 2017 BL.

311 2031 328 2055 4
355 2031 530 2070 volente
551 2044 626 2070 om.
653 2033 704 2070 B.

311 2138 327 2162 1
357 2140 556 2186 Arsinoe,
581 2139 712 2177 sister
741 2138 786 2177 of
815 2137 1062 2189 Cleopatra,
1088 2137 1281 2189 actually
1302 2136 1468 2188 figured
1489 2137 1533 2175 in
1555 2136 1631 2176 the
1649 2148 1743 2188 pro-

253 2194 418 2232 cession
440 2193 540 2241 (Dio
561 2192 678 2232 Cass.
705 2192 873 2240 XLIII,
902 2194 983 2238 19).

310 2247 325 2270 ²
357 2246 603 2296 Pompeius,
649 2246 812 2297 having
861 2245 1047 2284 married
1094 2245 1230 2291 Julia,
1273 2257 1363 2283 was
1410 2243 1659 2283 son-in-law
1701 2242 1746 2282 of

255 2299 441 2348 Caesar;
470 2300 550 2339 but
579 2300 770 2339 Faustus
801 2299 922 2339 Sulla
951 2313 1039 2338 was
1069 2313 1124 2338 no
1153 2299 1339 2338 relative
1368 2297 1426 2349 by
1454 2298 1669 2349 marriage
1697 2302 1746 2336 to

255 2354 427 2400 Caesar,
452 2354 615 2405 having
635 2352 825 2392 married
855 2367 879 2391 a
906 2353 1125 2404 daughter
1145 2353 1190 2392 of
1218 2352 1452 2404 Pompeius
1472 2351 1530 2403 by
1560 2350 1746 2390 another

256 2408 368 2455 wife,
395 2408 517 2447 Julia
537 2408 700 2458 having
721 2407 825 2446 been
849 2407 1065 2445 childless.

309 2462 324 2485 ³
355 2461 544 2509 Hirtius,
577 2462 625 2500 de
655 2462 744 2500 bell.
770 2462 909 2510 Afric.
940 2462 1005 2506 95,
1039 2464 1178 2499 states
1207 2459 1309 2499 that
1338 2458 1497 2500 Caesar
1520 2457 1744 2511 pardoned

253 2514 497 2566 Pompeius’
521 2514 738 2567 daughter
757 2514 845 2554 and
865 2515 942 2554 her
962 2513 1170 2554 children.

260 2593 352 2647 296
