1802 2942
656 148 1052 197 CORNELIUS
1096 148 1318 199 NEPOS

229 276 557 324 multitudine
580 280 870 324 circumitus
895 285 989 325 est.
1057 277 1190 325 Hinc
1212 285 1406 335 tamen,
1428 277 1601 326 multis
1621 281 1724 326 suis

231 347 440 400 amissis,
468 361 522 390 se
551 345 812 407 expedivit
839 352 893 391 et
918 348 971 391 in
997 345 1263 392 castellum
1290 345 1561 410 Phrygiae,
1587 346 1726 410 quod

230 411 367 458 Nora
389 411 692 473 appellatur,
714 410 959 475 confugit.

177 485 204 523 4
305 478 366 524 In
395 495 494 541 quo
523 496 637 525 cum
664 479 1119 526 circumsederetur
1145 486 1200 525 et
1225 486 1489 526 vereretur
1513 495 1597 535 ne,
1621 495 1724 527 uno

231 544 338 592 loco
361 562 590 601 manens,
615 563 771 609 equos
793 546 1037 593 militares
1065 546 1324 608 perderet,
1346 543 1490 609 quod*
1503 550 1725 609 spatium

231 630 333 659 non
355 620 490 659 esset
512 614 758 677 agitandi,
779 613 1016 660 callidum
1036 612 1135 660 fuit
1156 616 1261 659 eius
1283 617 1548 661 inventum
1569 630 1723 676 quem

232 680 298 726 ad
333 681 541 728 modum
579 688 718 727 stans
755 683 1042 727 iumentum
1078 680 1362 727 concalfieri
1398 684 1724 744 exercerique

231 754 421 809 posset,
455 764 554 810 quo
586 747 827 794 libentius
861 755 916 795 et
947 749 1059 795 cibo
1091 755 1326 794 uteretur
1357 755 1413 795 et
1445 764 1476 794 a
1506 751 1724 811 corporis

181 822 207 861 5
229 822 373 860 motu
415 831 516 861 non
558 822 922 862 removeretur.
989 814 1382 878 Substringebat
1423 822 1578 878 caput
1618 815 1724 862 loro

232 881 381 928 altius
405 898 558 944 quam
581 890 640 928 ut
661 883 908 944 prioribus
930 882 1145 944 pedibus
1168 882 1319 945 plene
1340 889 1531 929 terram
1551 889 1725 945 posset

233 952 505 1011 attingere,
529 949 715 996 deinde
736 957 852 1012 post
872 950 893 980 1
913 950 1206 996 verberibus
1228 950 1448 1013 cogebat
1468 949 1724 997 exsultare

234 1023 287 1062 et
317 1016 478 1062 calces
507 1020 802 1072 remittere3
850 1019 936 1080 qui
964 1024 1133 1063 motus
1163 1034 1265 1063 non
1293 1020 1459 1063 minus
1488 1017 1725 1064 sudorem

182 1090 209 1128 6
232 1084 544 1139 excutiebat,
601 1101 754 1147 quam
809 1086 850 1130 si
905 1087 957 1130 in
1012 1087 1178 1146 spatio
1233 1084 1542 1130 decurreret.
1609 1084 1723 1143 Quo

234 1148 427 1196 factum
470 1158 565 1206 est,
607 1151 743 1214 quod
784 1152 1015 1197 omnibus
1056 1151 1286 1198 mirabile
1328 1158 1407 1198 est
1446 1154 1626 1207 visum,
1666 1158 1725 1198 ut

233 1233 398 1280 aeque
445 1217 609 1264 nitida
655 1221 886 1264 iumenta
935 1234 998 1264 ex
1046 1218 1254 1265 castello
1303 1217 1564 1275 educeret,
1610 1235 1725 1265 cum

234 1284 515 1346 complures
565 1301 766 1331 menses
815 1288 868 1331 in
917 1285 1178 1332 obsidione
1228 1283 1426 1341 fuisset,
1476 1302 1534 1332 ac
1583 1288 1625 1331 si
1673 1288 1725 1332 in

183 1360 207 1399 7
231 1353 597 1414 campestribus
622 1369 683 1399 ea
704 1352 823 1399 locis
845 1352 1124 1400 habuisset.
1192 1352 1253 1399 In
1274 1352 1369 1399 hac
1390 1352 1724 1408 conclusione,

233 1422 689 1482 quotienscumque
738 1419 914 1476 voluit,
964 1427 1267 1482 apparatum
1317 1427 1371 1467 et
1418 1423 1725 1467 munitiones

234 1488 481 1550 Antigoni
505 1487 625 1533 alias
648 1488 893 1543 incendit,
917 1487 1038 1534 alias
1062 1488 1276 1534 disiecit.
1340 1487 1529 1534 Tenuit
1551 1494 1726 1534 autem

232 1570 289 1600 se
324 1571 425 1600 uno
459 1553 567 1600 loco
604 1571 757 1618 quam
792 1555 880 1602 diu
913 1553 1075 1601 hiems
1110 1553 1226 1611 fuit,
1261 1554 1399 1617 quod
1432 1561 1599 1601 castra
1632 1555 1726 1601 sub

233 1621 350 1668 divo
406 1620 596 1668 habere
653 1638 755 1668 non
809 1629 1031 1685 poterat.
1098 1621 1201 1668 Ver
1257 1622 1726 1685 appropinquabat3

233 1687 471 1734 simulata
512 1689 790 1744 deditione,
832 1689 954 1736 dum
996 1689 1061 1736 de
1103 1689 1477 1736 condicionibus
1518 1696 1726 1746 tractat,

233 1754 506 1817 praefectis
547 1756 794 1819 Antigoni
832 1759 1074 1819 imposuit
1113 1772 1271 1820 seque
1312 1772 1371 1803 ac
1409 1772 1525 1803 suos
1565 1759 1726 1803 omnis

236 1826 461 1869 extraxit
480 1822 759 1869 incolumis.

279 1888 326 1940 6.
363 1890 447 1936 Ad
461 1889 594 1936 hunc
611 1890 892 1953 Olympias,
906 1896 1074 1936 mater
1090 1905 1222 1953 quae
1239 1888 1411 1937 fuerat
1427 1889 1724 1946 Alexandri,

236 1973 351 2003 cum
374 1957 571 2003 litteras
599 1965 652 2004 et
676 1960 879 2003 nuntios
904 1960 1125 2004 misisset
1147 1960 1200 2003 in
1224 1958 1418 2013 Asiam,
1441 1957 1727 2004 consultum

236 2031 408 2070 utrum
430 2041 645 2087 regnum
664 2025 684 2055 2
707 2027 987 2087 repetitum
1009 2028 1062 2070 in
1087 2024 1445 2071 Macedoniam
1466 2027 1728 2072 veniret—

183 2097 209 2136 2
234 2108 352 2137 nam
383 2099 493 2137 tum
523 2095 575 2137 in
606 2092 759 2154 Epiro
790 2091 1182 2138 habitabat—et
1212 2107 1297 2138 eas
1326 2107 1407 2138 res
1437 2098 1727 2154 occuparet,

236 2156 351 2204 huic
373 2158 456 2204 ille
481 2161 699 2220 primum
723 2162 881 2205 suasit
904 2175 969 2205 ne
993 2175 1048 2205 se
1071 2165 1302 2205 moveret
1325 2165 1380 2205 et
1403 2165 1728 2221 exspectaret

237 2225 405 2287 quoad
447 2225 726 2272 Alexandri
768 2225 898 2272 filius
940 2242 1156 2289 regnum
1199 2225 1591 2288 adipisceretur3
1650 2229 1727 2273 sin

352 2330 369 2356 ¹
399 2335 590 2384 pastum,
616 2331 804 2383 Waqner.
993 2332 1009 2357 ²
1037 2344 1232 2384 regnum,
1253 2330 1384 2372 added
1404 2331 1456 2383 by
1474 2331 1519 2372 N
1521 2332 1614 2384 ipp.

535 2461 552 2486 ¹
582 2461 697 2500 That
715 2461 766 2507 is,
787 2461 862 2500 the
882 2461 1001 2501 front
1021 2464 1121 2513 part
1142 2461 1186 2501 of
1204 2461 1263 2501 its
1283 2459 1414 2513 body.

535 2515 551 2539 ²
579 2515 777 2566 Namely,
801 2515 1056 2562 Alexander,
1079 2527 1158 2555 son
1180 2515 1225 2555 of
1246 2514 1441 2555 Roxane.

238 2586 326 2648 582
