1747 2912
535 121 591 168 L.
642 122 976 169 ANNAEUS
1025 122 1295 171 FLORUS

178 266 237 297 ea
283 254 422 313 quasi
470 256 579 296 tota
627 249 877 312 Carthago
898 267 910 309 3
963 250 1097 313 quod
1145 255 1308 313 ipsum
1350 255 1506 298 exitio
1546 251 1664 301 fuit,

87 335 139 374 35
182 327 402 373 Romana
439 327 606 373 classis
642 334 890 389 prompta,
916 328 1057 384 levis,
1082 329 1321 390 expedita
1356 335 1410 375 et
1445 329 1663 391 quodam

178 421 366 466 genere
401 408 666 450 castrensis
691 405 753 449 ad
780 405 1161 451 similitudinem
1186 422 1389 468 pugnae
1415 410 1663 468 equestris

179 485 246 527 sic
283 486 431 527 remis
469 485 609 543 quasi
645 481 855 528 habenis
891 484 1153 544 agebatur,
1179 489 1232 529 et
1257 486 1308 528 in
1334 483 1423 529 hos
1449 483 1529 530 vel
1553 483 1663 530 illos

175 562 303 605 ictus
329 559 531 604 mobilia
555 565 712 605 rostra
737 563 957 620 speciem
983 563 1261 606 viventium
1292 560 1660 622 praeferebant.

89 643 141 682 36
184 636 361 698 Itaque
404 642 663 682 momento
703 640 943 697 temporis
983 637 1231 683 laceratae
1273 636 1496 684 hostium
1530 645 1664 684 rates

178 720 344 759 totum
368 717 502 759 inter
528 712 746 759 Siciliam
772 713 1153 776 Sardiniamque
1170 714 1379 775 pelagus
1403 713 1665 776 naufragio

89 797 142 837 37
178 807 265 836 suo
290 796 609 851 operuerunt.
673 790 835 836 Tanta
859 790 1082 853 denique
1116 791 1214 837 fuit
1238 791 1323 836 illa
1358 795 1576 847 victoria,
1607 799 1664 839 ut

178 868 243 914 de
269 867 597 913 excindendis
616 866 636 895 1
662 867 881 914 hostium
907 869 1170 914 moenibus
1195 884 1297 913 non
1322 875 1661 930 quaereretur.

179 945 553 1007 Supervacuum
580 948 738 991 visum
772 951 849 991 est
885 948 938 990 in
972 961 1137 991 arcem
1163 961 1430 1008 murosque
1455 949 1661 1002 saevire,

178 1039 291 1069 cum
316 1026 413 1067 iam
439 1026 488 1067 in
516 1025 640 1067 mari
665 1029 800 1069 esset
825 1021 996 1069 deleta
1022 1022 1285 1085 Carthago.

521 1357 742 1404 XVIIII.
801 1357 1001 1404 BELLVM
1042 1358 1322 1405 L1vacvM

90 1475 140 1516 11,
158 1458 187 1504 3
260 1457 489 1502 pamm-0
517 1455 703 1501 Punico
735 1455 869 1502 bello
894 1462 1066 1502 secuta
1091 1463 1168 1502 est
1193 1457 1356 1502 brevis
1381 1471 1500 1502 sane
1526 1458 1666 1518 quasi

179 1534 242 1580 ad
266 1533 667 1595 recuperandum
703 1536 933 1594 spiritum
969 1536 1185 1595 requies,
1209 1540 1666 1595 argumentumque

180 1614 314 1673 pacis
341 1618 393 1656 et
418 1612 548 1656 bona
574 1610 670 1656 fide
708 1614 1012 1656 cessantium
1037 1627 1288 1656 armorum
1313 1617 1423 1656 tum
1448 1614 1666 1672 primum

182 1695 294 1751 post
322 1688 537 1733 Numam
565 1687 729 1733 clausa
754 1694 898 1749 porta
924 1687 1032 1732 Iani
1057 1687 1184 1742 fuit3
1221 1687 1462 1749 deinceps
1495 1691 1667 1734 statim

118 1774 143 1811 2
178 1782 234 1812 ac
283 1769 390 1811 sine
437 1781 574 1810 mora
619 1768 798 1826 patuit.
895 1763 1097 1827 Quippe
1144 1768 1243 1810 iam
1293 1764 1518 1827 Ligures,
1568 1768 1667 1810 iam

182 1843 418 1889 Insubres
469 1842 620 1898 Galli,
667 1858 762 1888 nec
810 1858 914 1888 non
973 1849 1026 1888 et
1087 1841 1276 1904 Illyrici
1333 1841 1664 1899 lacessebant,

179 1924 303 1967 sitae
341 1921 433 1965 sub
470 1919 700 1980 Alpibus,
733 1919 785 1965 id
825 1926 903 1965 est
939 1921 1031 1965 sub
1068 1923 1187 1980 ipsis
1226 1918 1403 1965 Italiae
1438 1918 1666 1965 faucibus

179 2004 375 2060 gentes,
401 1997 498 2043 deo
524 1996 741 2058 quodam
766 2000 1011 2042 incitante
1037 1997 1262 2053 adsidue,
1287 2012 1353 2042 ne
1378 1995 1666 2058 rubiginem

117 2083 142 2122 3
177 2091 233 2120 ac
271 2078 423 2120 situm
457 2073 650 2119 scilicet
684 2090 820 2118 arma
852 2077 1116 2120 sentirent.
1194 2073 1427 2136 Denique
1464 2077 1665 2136 utrique

179 2151 415 2197 cotidiani
445 2158 498 2197 et
524 2154 662 2212 quasi
688 2150 950 2197 domestici
987 2150 1158 2196 hostes
1192 2153 1423 2196 tirocinia
1447 2149 1665 2197 militum

179 2228 475 2284 inbuebant,
524 2244 617 2273 nec
666 2228 812 2274 aliter
858 2235 1070 2290 utraque
1117 2234 1274 2289 gente
1321 2243 1470 2289 quam
1524 2231 1664 2290 quasi

179 2312 291 2351 cote
318 2304 533 2367 quadam
559 2305 771 2367 populus
809 2305 1058 2350 Romanus
1083 2304 1271 2351 ferrum
1307 2320 1426 2351 suae
1463 2307 1666 2352 virtutis

178 2384 406 2429 acuebat.

425 2488 441 2512 ²
459 2488 752 2528 excindendis
774 2490 978 2529 Halmius
994 2504 1006 2538 3
1036 2487 1287 2528 excidendis
1306 2488 1417 2530 codd.

179 2565 241 2611 88
