1802 2942
617 190 1012 239 CORNELIUS
1056 190 1278 239 NEPOS

241 318 445 366 fecisset
479 320 648 383 deque
685 323 755 366 eis
791 321 941 366 rebus
976 322 1318 381 suspicaretur
1353 319 1418 366 ad
1452 322 1584 366 cives
1619 336 1734 366 suos

243 413 353 444 esse
373 397 646 459 perlatum,
666 400 819 459 petiit
841 414 870 443 a
891 396 1219 443 Pharnabazo
1240 403 1299 443 ut
1321 397 1386 443 ad
1408 396 1620 459 ephoros
1641 398 1735 443 sibi

241 478 591 521 testimonium
608 475 772 530 daret,
790 481 983 537 quanta
999 477 1273 521 sanctitate
1289 474 1480 521 bellum
1495 477 1737 538 gessisset

242 555 502 615 sociosque
527 559 817 608 tractasset,
843 552 1011 615 deque
1038 568 1100 598 ea
1122 568 1178 598 re
1205 559 1440 598 accurate
1465 553 1737 599 scriberet:

242 647 483 694 magnam
517 633 653 677 enim
688 633 794 677 eius
829 633 1190 676 auctoritatem
1223 632 1276 675 in
1311 646 1372 676 ea
1404 646 1459 676 re
1493 629 1734 677 futuram.

193 713 216 751 2
242 708 374 754 Huic
425 708 508 754 ille
560 708 839 754 liberaliter
890 707 1185 770 pollicetur3
1254 707 1439 754 librum
1490 707 1738 771 grandem

244 787 408 832 verbis
455 786 628 832 multis
676 788 988 848 conscripsit,
1035 788 1088 831 in
1135 785 1317 848 quibus
1365 788 1572 832 summis
1620 802 1738 832 eum

245 862 391 910 effert
410 864 429 893 1
455 863 705 910 laudibus.
774 863 942 922 Quem
969 880 1084 909 cum
1111 861 1192 909 hic
1216 862 1427 926 legisset
1452 863 1739 925 probasset-

245 958 363 1004 que,
390 941 512 988 dum
538 944 786 1005 signatur,
814 941 1032 987 alterum
1058 943 1168 1003 pari
1193 941 1566 1004 magnitudine,
1591 948 1740 988 tanta

244 1019 573 1066 similitudine
611 1026 671 1066 ut
709 1019 925 1066 discerni
962 1035 1064 1065 non
1100 1025 1291 1081 posset,
1329 1016 1587 1082 signatum
1625 1019 1740 1065 sub-

243 1100 381 1152 iecit,
409 1100 461 1142 in
491 1114 589 1160 quo
620 1100 994 1143 accuratissime
1025 1099 1131 1142 eius
1161 1099 1426 1142 avaritiam
1453 1096 1741 1158 perfidiam-

197 1183 221 1222 3
247 1191 345 1238 que
362 1182 638 1221 accusarat.
689 1175 822 1220 Hinc
837 1175 856 1203 2
877 1174 1141 1237 Lysander
1156 1174 1364 1221 domum
1378 1190 1494 1220 cum
1506 1174 1741 1230 redisset,

245 1260 518 1315 postquam
574 1253 638 1299 de
694 1255 793 1298 suis
848 1253 999 1298 rebus
1055 1255 1213 1315 gestis
1270 1251 1407 1314 apud
1460 1254 1741 1298 maximum

246 1334 605 1393 magistratum
639 1346 771 1392 quae
805 1329 1035 1376 voluerat
1069 1330 1287 1385 dixerat,
1320 1332 1601 1375 testimonii
1631 1329 1741 1376 loco

244 1408 429 1454 librum
449 1425 478 1453 a
497 1407 825 1454 Pharnabazo
843 1407 1023 1454 datum
1040 1407 1268 1454 tradidit.
1337 1406 1487 1453 Hunc
1505 1407 1742 1454 submoto

248 1485 512 1548 Lysandro
561 1502 677 1532 cum
728 1484 903 1548 ephori
952 1492 1274 1548 cognossent,
1322 1487 1418 1546 ipsi
1465 1483 1743 1548 legendum

248 1563 517 1611 dederunt.
585 1563 669 1610 Ita
683 1562 766 1610 ille
781 1563 1075 1626 imprudens
1091 1566 1199 1626 ipse
1215 1579 1333 1609 suus
1349 1560 1448 1609 fuit
1464 1569 1740 1610 accusator.

722 1794 839 1841 VII.
875 1792 1296 1841 ALCIBIADES

313 1902 361 1955 1.
398 1903 704 1959 Alcibiades,
731 1902 922 1949 Cliniae
958 1902 1105 1958 filius,
1139 1901 1484 1949 Atheniensis.
1554 1900 1615 1948 In
1647 1900 1743 1949 hoc

251 1982 374 2044 quid
401 1989 585 2028 natura
612 1981 809 2028 efficere
837 1983 997 2043 possit
1024 1980 1226 2027 videtur
1254 1987 1497 2042 experta;
1543 1986 1745 2027 constat

252 2063 387 2105 enim
418 2062 553 2106 inter
584 2075 759 2105 omnes
792 2061 878 2122 qui
911 2058 975 2105 de
1009 2073 1069 2104 eo
1101 2060 1377 2104 memoriae
1409 2057 1745 2119 prodiderunt

250 2136 375 2182 nihil
422 2137 505 2183 illo
554 2136 708 2183 fuisse
762 2135 1092 2182 excellentius
1143 2134 1224 2181 vel
1275 2138 1328 2181 in
1377 2137 1510 2181 vitiis
1562 2134 1641 2181 vel
1689 2138 1743 2181 in

202 2221 225 2257 2
250 2215 536 2261 virtutibus.
623 2214 786 2260 Natus
833 2217 885 2260 in
932 2213 1240 2275 amplissima
1289 2215 1497 2259 civitate
1546 2228 1744 2258 summo

253 2309 460 2355 genere,
493 2295 718 2338 omnium
755 2294 940 2337 aetatis
975 2307 1097 2337 suae
1133 2289 1294 2336 multo
1329 2288 1745 2345 formosissimus3

253 2370 318 2416 ad
369 2386 544 2417 omnes
595 2386 675 2416 res
729 2376 878 2432 aptus
930 2368 1224 2431 consiliique
1275 2367 1745 2430 plenus—namque

368 2488 383 2512 1
412 2488 551 2534 effert,
573 2488 610 2526 Β
628 2487 681 2526 Μ
698 2487 757 2533 R;
794 2487 895 2533 fert,
916 2485 1028 2525 Dan.
1051 2485 1091 2524 P
1106 2484 1144 2523 A
1165 2497 1207 2524 u.

366 2541 381 2565 ²
408 2540 525 2588 hinc,
547 2541 600 2581 M
612 2556 623 2588 ;
661 2541 792 2588 hunc,
814 2540 877 2581 the
898 2539 1008 2580 other
1029 2538 1188 2586 MSS.;
1225 2537 1375 2579 deleted
1397 2537 1447 2588 by
1467 2536 1607 2579 Fleck.

253 2632 344 2678 434
