1802 2942
640 96 1034 171 CORNELIUS
1080 120 1300 170 NEPOS

214 254 475 315 proposita
500 259 596 308 est,
618 254 774 298 nimia
795 251 980 298 fiducia
1001 257 1225 314 quantae
1247 249 1527 297 calamitati
1546 249 1710 298 soleat

217 341 342 372 esse.
411 325 543 371 Nam
586 328 980 389 magistratuum
1023 323 1381 371 Tbebanorum
1424 326 1600 371 statim
1643 324 1709 371 ad

215 416 361 446 aures
406 402 640 462 pervenit
686 399 885 446 exsules
929 402 983 444 in
1027 399 1207 445 urbem
1251 401 1464 445 venisse.
1533 398 1595 445 Id
1636 397 1708 444 illi

215 476 328 520 vino
364 473 628 536 epulisque
663 473 825 520 dediti
859 488 1020 535 usque
1057 489 1117 519 eo
1152 473 1516 535 despexerunt,
1549 479 1609 519 ut
1641 488 1709 519 ne

165 552 189 590 2
213 564 458 611 quaerere
496 548 703 610 quidem
741 547 805 594 de
842 553 991 594 tanta
1026 563 1082 593 re
1118 546 1411 593 laborarint.
1479 546 1708 593 Accessit

216 625 373 668 etiam
435 622 571 684 quod
631 624 793 684 magis
856 624 1078 684 aperiret
1141 637 1314 667 eorum
1376 620 1706 667 dementiam.

213 695 404 742 Adlata
427 702 505 741 est
529 698 663 741 enim
687 694 904 757 epistula
925 694 1143 741 Athenis
1166 695 1230 741 ab
1252 693 1473 741 Archino
1494 696 1583 741 uni
1602 694 1624 725 1
1643 710 1707 741 ex

213 769 308 825 his,
333 769 568 825 Archiae,
595 772 681 832 qui
704 776 816 815 tum
838 771 1118 815 maximum
1140 771 1499 831 magistratum
1520 766 1708 815 Thebis

214 845 500 900 obtinebat,
524 847 575 889 in
602 860 703 906 qua
727 845 897 889 omnia
932 843 997 889 de
1032 840 1348 905 profectione
1386 858 1560 888 eorum
1593 857 1708 904 per-

213 921 400 980 scripta
428 925 590 964 erant.
659 917 805 976 Quae
833 933 949 963 cum
975 919 1078 963 iam
1108 917 1375 963 accubanti
1402 919 1455 961 in
1481 919 1707 963 convivio

213 1000 349 1039 esset
368 993 507 1048 data,
527 995 658 1039 sicut
678 999 789 1039 erat
808 995 1026 1055 signata,
1046 991 1139 1037 sub
1158 990 1421 1053 pulvinum
1439 991 1708 1046 subiciens,

162 1075 187 1115 3
211 1066 238 1082 “
264 1066 325 1112 In
358 1064 687 1121 crastinum,''
720 1068 905 1128 inquit,
940 1063 1168 1112 “differo
1201 1081 1281 1111 res
1315 1062 1569 1111 severas.’'
1633 1065 1708 1111 At

209 1140 281 1187 illi
318 1157 511 1196 omnes,
549 1157 665 1187 cum
701 1142 804 1186 iarn
841 1156 942 1186 nox
978 1142 1323 1202 processisset,
1360 1139 1605 1186 vinolenti
1641 1139 1708 1186 ab

211 1215 468 1262 exsulibus
521 1215 650 1262 duce
703 1214 947 1277 Pelopida
998 1222 1118 1261 sunt
1167 1213 1443 1261 interfecti.
1510 1214 1707 1273 Quibus

209 1289 360 1335 rebus
383 1287 645 1344 confectis,
668 1287 819 1351 vulgo
843 1287 908 1334 ad
931 1304 1071 1333 arma
1090 1286 1488 1350 libertatemque
1509 1294 1708 1344 vocato,

209 1380 312 1410 non
353 1362 514 1409 solum
556 1365 643 1426 qui
683 1365 736 1408 in
777 1362 903 1409 urbe
946 1368 1110 1417 erant,
1151 1361 1243 1408 sed
1284 1365 1441 1408 etiam
1480 1362 1706 1425 undique

210 1453 275 1484 ex
298 1440 431 1500 agris
454 1443 834 1492 concurrerunt,
855 1436 1165 1499 praesidium
1188 1435 1706 1483 Lacedaemoniorum

210 1527 275 1558 ex
318 1527 431 1557 arce
473 1510 800 1574 pepulerunt,
843 1513 1063 1573 patriam
1105 1510 1366 1558 obsidione
1408 1510 1707 1567 liberarunt,

211 1591 442 1631 auctores
489 1584 745 1631 Cadmeae
792 1583 1117 1646 occupandae
1161 1586 1350 1647 partim
1395 1583 1708 1641 occiderunt,

207 1661 394 1721 partim
417 1661 470 1704 in
493 1659 725 1705 exsilium
749 1661 1025 1705 eiecerunt.

272 1731 320 1782 4.
354 1732 465 1779 Hoc
483 1739 592 1779 tam
611 1733 817 1780 turbido
837 1739 1087 1795 tempore,
1109 1735 1239 1779 sicut
1257 1749 1409 1795 supra
1427 1732 1706 1790 docuimus,

208 1807 604 1869 Epaminondas,
652 1806 820 1870 quoad
866 1823 981 1852 cum
1027 1807 1217 1853 civibus
1265 1807 1561 1854 dimicatum
1608 1814 1706 1863 est,

210 1880 347 1926 domi
415 1883 617 1943 quietus
685 1878 798 1926 fuit.
885 1879 1070 1943 Itaque
1137 1879 1264 1926 haec
1329 1879 1705 1927 liberandarum

208 1953 498 2001 Thebarum
533 1957 735 2017 propria
769 1953 878 2001 laus
916 1961 995 2001 est
1030 1953 1323 2017 Pelopidae,
1357 1961 1562 2001 ceterae
1596 1953 1705 2001 fere

156 2034 180 2071 2
203 2044 495 2075 communes
509 2045 625 2074 cum
638 2027 1007 2090 Epaminonda.
1075 2027 1309 2090 Namque
1321 2030 1374 2074 in
1395 2029 1415 2058 2
1439 2027 1706 2075 Leuctrica

208 2117 398 2165 pugna,
417 2105 725 2164 imperatore
744 2101 1115 2164 Epaminonda,
1133 2100 1214 2148 hic
1232 2100 1332 2148 fuit
1350 2101 1454 2148 dux
1472 2100 1704 2148 delectae

451 2239 468 2264 ²
498 2239 589 2285 uni,
611 2239 788 2285 Bosius;
825 2251 928 2286 uno,
950 2238 1084 2279 MSS.
1107 2239 1233 2287 (viro,
1255 2237 1396 2288 Cam).

449 2292 465 2317 ²
493 2294 555 2339 in,
576 2291 699 2339 Can„
720 2292 922 2339 Lambin3
960 2292 1022 2333 the
1043 2292 1153 2333 otker
1172 2292 1306 2332 MSS.
1329 2292 1441 2332 omit.

269 2423 285 2447 ²
315 2422 383 2461 He
408 2435 495 2461 was
521 2435 602 2461 one
628 2422 672 2461 of
697 2422 771 2461 the
798 2421 1076 2468 Boeotarchs,
1097 2434 1146 2460 or
1170 2423 1529 2473 representatives
1556 2422 1601 2462 of
1625 2421 1702 2462 the

211 2476 331 2515 cities
356 2477 399 2515 of
421 2476 496 2515 the
520 2476 733 2516 Boeotian
754 2476 918 2528 league,
942 2476 987 2516 of
1008 2475 1149 2516 which
1170 2474 1337 2516 Thebes
1358 2475 1446 2515 had
1469 2478 1569 2516 two.

211 2568 300 2615 554
