1802 2942
510 233 523 238 v·
561 199 954 248 CORNELIUS
999 197 1219 248 NEPOS

188 338 296 376 tam
340 330 594 389 repentini
639 327 843 373 consilii.
912 326 1044 373 Huic
1088 326 1172 373 ille
1216 326 1341 389 quid
1385 342 1449 373 ex
1493 326 1677 377 litteris

140 405 164 442 6
187 398 514 456 comperisset
556 397 735 455 aperit.
806 392 1004 440 Modo1
1045 396 1206 456 magis
1250 392 1523 439 Pausanias
1564 409 1678 456 per-

189 462 423 508 turbatus
453 477 596 506 orare
624 463 793 522 coepit
821 476 885 505 ne
915 462 1207 506 enuntiaret
1226 475 1328 506 ,nec
1356 475 1411 506 se
1437 463 1678 506 meritum

191 529 255 575 de
290 527 373 573 illo
408 530 600 589 optime
634 527 901 588 proderet:
956 526 1092 588 quod
1125 529 1166 572 si
1202 541 1316 572 eam
1350 529 1550 572 veniam
1584 527 1677 573 sibi

191 594 415 641 dedisset
467 596 726 655 tantisque
779 592 1092 654 implicatum
1144 593 1294 639 rebus
1347 592 1678 648 sublevasset,

191 678 376 724 magno
406 663 451 706 ei
478 663 703 722 praemio
731 658 974 705 futurum.

253 726 303 777 5.
338 727 429 773 His
469 727 618 773 rebus
661 725 834 787 ephori
874 728 1105 789 cognitiS,
1145 729 1302 772 satius
1341 732 1589 787 putarunt
1626 728 1679 771 in

191 796 316 841 urbe
356 810 472 840 eum
510 792 883 854 comprehendi.
952 792 1065 850 Quo
1104 809 1218 838 cum
1257 799 1428 838 essent
1464 791 1679 855 profecti

193 868 246 907 et
279 860 552 906 Pausanias
585 859 785 921 placato
820 859 1029 921 Argilio,
1063 865 1122 905 ut
1154 859 1390 920 putabat,
1425 858 1680 905 Lacedae-

190 943 394 973 monem
420 933 779 981 reverteretur,
805 928 858 971 in
883 929 1083 980 itinere,
1110 942 1225 971 cum
1250 929 1352 970 iam
1377 928 1429 971 in
1457 942 1518 972 eo
1545 932 1682 972 esset

192 1002 252 1040 ut
298 992 829 1055 comprehenderetur,
878 1008 942 1038 ex
990 992 1133 1038 vultu
1179 992 1440 1038 cuiusdam
1488 991 1681 1054 ephori,

193 1064 278 1123 qui
311 1077 427 1106 eum
459 1060 718 1106 admoneri
748 1059 1004 1121 cupiebat,
1035 1059 1238 1105 insidias
1270 1060 1363 1104 sibi
1396 1058 1503 1105 fieri
1532 1058 1681 1105 intel-

142 1134 165 1171 2
189 1128 330 1173 lexit.
400 1127 583 1189 Itaque
617 1129 789 1188 paucis
825 1133 945 1172 ante
979 1126 1218 1188 gradibus
1254 1142 1407 1187 quam
1442 1128 1528 1188 qui
1563 1141 1680 1171 eum

192 1194 554 1256 sequebantur,
591 1196 644 1238 in
683 1193 863 1239 aedem
903 1192 1166 1238 Minervae
1206 1208 1337 1255 quae
1377 1191 1681 1239 Chalcioicos

193 1268 399 1307 vocatur
453 1259 695 1322 confugit.
765 1259 897 1305 Hinc
949 1275 1015 1305 ne
1071 1262 1208 1305 exire
1262 1266 1452 1320 posset,
1505 1262 1681 1305 statim

194 1326 367 1389 ephori
415 1326 582 1372 valvas
632 1329 736 1372 eius
786 1326 924 1371 aedis
972 1326 1336 1372 obstruxerunt
1382 1332 1681 1388 tectumque

143 1403 166 1441 3
191 1401 309 1440 sunt
328 1393 572 1448 demoliti,
593 1409 691 1454 quo
710 1392 919 1438 celerius
938 1393 1031 1438 sub
1051 1392 1164 1438 divo
1182 1395 1430 1438 interiret.
1483 1392 1683 1439 Dicitur

195 1477 254 1507 eo
288 1468 518 1522 tempore
551 1467 768 1505 matrem
803 1459 1082 1505 Pausaniae
1116 1462 1297 1504 vixisse
1333 1475 1547 1521 eamque
1579 1462 1682 1505 iam

193 1544 379 1590 magno
412 1534 555 1581 natu,
589 1533 859 1588 postquam
893 1526 957 1571 de
991 1525 1180 1572 scelere
1214 1525 1300 1571 filii
1334 1529 1597 1587 comperit,
1629 1529 1682 1571 in

193 1597 364 1656 primis
401 1593 466 1640 ad
500 1593 657 1639 filium
691 1592 1028 1639 claudendum
1062 1592 1284 1654 lapidem
1320 1593 1384 1639 ad
1417 1596 1682 1639 introitum

143 1668 169 1705 4
194 1661 331 1707 aedis
385 1659 631 1706 attulisse.
701 1659 797 1705 Hic
849 1676 964 1705 cum
1015 1662 1320 1705 semianimis
1374 1659 1438 1706 de
1490 1659 1683 1721 templo

196 1727 357 1773 elatus
396 1734 548 1782 esset,
585 1724 852 1772 confestim
889 1729 1109 1771 animam
1146 1726 1371 1772 efflavit.2
1438 1724 1518 1772 Sic
1555 1725 1684 1772 Pau-

196 1797 359 1840 sanias
387 1810 626 1856 magnam
653 1792 772 1838 belli
800 1792 1010 1855 gloriam
1038 1796 1175 1854 turpi
1202 1799 1366 1838 morte
1394 1792 1683 1839 maculavit.

144 1869 169 1906 5
196 1860 346 1907 Cuius
383 1863 570 1906 mortui
607 1876 784 1922 corpus
822 1876 936 1905 cum
976 1860 1156 1906 eodem
1193 1858 1418 1905 nonnulli
1455 1859 1686 1906 dicerent

261 1997 277 2021 1
305 2000 432 2036 tanto
455 2011 499 2036 or
519 1996 674 2042 multo,
695 1996 897 2042 Lambin;
936 2008 1038 2046 quo,
1060 1995 1198 2036 Fleck.

200 2050 397 2155 by²Fgci³2
419 2081 429 2090 .
462 2081 471 2091 .
504 2080 514 2090 .
544 2049 710 2089 efflavit
742 2049 847 2101 after
879 2049 1118 2089 maculavit
1151 2049 1199 2088 in
1233 2048 1392 2096 MSS.;
1442 2050 1688 2101 transposed

260 2274 276 2298 1
305 2273 390 2311 For
409 2273 497 2312 this
520 2285 595 2311 use
618 2272 663 2311 of
692 2272 811 2311 modo
832 2271 966 2310 Halm
988 2271 1221 2323 compared
1242 2271 1420 2318 Sallust,
1440 2271 1474 2310 J
1476 2284 1542 2321 τις.
1566 2273 1634 2311 47.
1660 2273 1687 2312 3

202 2327 289 2365 and
315 2328 379 2365 75.
410 2328 454 2372 1;
495 2339 543 2364 or
573 2327 609 2364 it
634 2339 736 2377 may
759 2325 918 2377 simply
942 2338 1070 2364 mean
1096 2325 1120 2340 “
1137 2324 1287 2364 then’'
1316 2324 1361 2375 (“
1378 2337 1476 2364 now
1493 2324 1518 2341 ’³
1544 2329 1685 2364 trans·

200 2380 342 2420 ferred
363 2384 410 2419 to
432 2380 508 2418 the
530 2382 661 2430 past).

259 2434 275 2458 ²
305 2433 428 2473 Since
444 2433 551 2483 they
569 2433 644 2471 did
667 2436 747 2471 not
763 2435 946 2470 venture
962 2435 1009 2470 to
1028 2430 1189 2470 violate
1205 2431 1281 2470 the
1298 2431 1465 2477 shrine;
1498 2444 1568 2470 see
1585 2432 1624 2470 4.
1643 2432 1683 2470 4.

259 2488 276 2511 ³
305 2486 428 2537 Lady
451 2486 496 2524 of
516 2486 592 2525 the
615 2486 782 2524 Brazen
803 2485 968 2531 House,
988 2498 1034 2524 so
1058 2484 1195 2524 called
1218 2484 1399 2524 because
1427 2485 1505 2524 her
1523 2484 1687 2535 temple
1711 2518 1714 2521 .

205 2553 292 2580 was
312 2539 504 2579 overlaid
518 2539 623 2578 with
638 2539 778 2590 plates
793 2538 837 2578 of
853 2538 1023 2578 bronze.
1087 2538 1178 2578 The
1195 2538 1378 2589 goddess
1397 2551 1484 2578 was
1497 2537 1688 2586 Athena,
1709 2579 1714 2589 f

198 2632 289 2676 420
