<?xml version="1.0" encoding="UTF-8"?>
<!DOCTYPE html PUBLIC "-//W3C//DTD XHTML 1.0 Transitional//EN"
    "http://www.w3.org/TR/xhtml1/DTD/xhtml1-transitional.dtd">
<html xmlns="http://www.w3.org/1999/xhtml" xml:lang="en" lang="en">
 <head>
  <title>
</title>
<meta http-equiv="Content-Type" content="text/html;charset=utf-8" />
  <meta name='ocr-system' content='tesseract 3.04.00' />
  <meta name='ocr-capabilities' content='ocr_page ocr_carea ocr_par ocr_line ocrx_word'/>
</head>
<body>
  <div class='ocr_page' id='page_1' title='image "./lannaeifloriquae00floruoft_0538.png"; bbox 0 0 1802 2942; ppageno 0'>
   <div class='ocr_carea' id='block_1_1' title="bbox 643 142 1304 194">
    <p class='ocr_par' dir='ltr' id='par_1_1' title="bbox 643 142 1304 194">
     <span class='ocr_line' id='line_1_1' title="bbox 643 142 1304 194; baseline 0 -1"><span class='ocrx_word' id='word_1_1' title='bbox 643 144 1038 193; x_wconf 87' lang='lat' dir='ltr'>CORNELIUS</span> <span class='ocrx_word' id='word_1_2' title='bbox 1085 142 1304 194; x_wconf 88' lang='lat' dir='ltr'>NEPOS</span> 
     </span>
    </p>
   </div>
   <div class='ocr_carea' id='block_1_2' title="bbox 166 271 1718 2425">
    <p class='ocr_par' dir='ltr' id='par_1_2' title="bbox 220 271 1713 335">
     <span class='ocr_line' id='line_1_2' title="bbox 220 271 1713 335; baseline 0.002 -17"><span class='ocrx_word' id='word_1_3' title='bbox 220 272 333 331; x_wconf 80' lang='lat' dir='ltr'><strong>Quo</strong></span> <span class='ocrx_word' id='word_1_4' title='bbox 351 271 504 328; x_wconf 86' lang='lat' dir='ltr'><strong>facto,</strong></span> <span class='ocrx_word' id='word_1_5' title='bbox 522 275 691 319; x_wconf 88' lang='lat' dir='ltr'><strong>cuncti</strong></span> <span class='ocrx_word' id='word_1_6' title='bbox 709 273 773 319; x_wconf 90' lang='lat' dir='ltr'><strong>ad</strong></span> <span class='ocrx_word' id='word_1_7' title='bbox 791 289 908 319; x_wconf 90' lang='lat' dir='ltr'><strong>eum</strong></span> <span class='ocrx_word' id='word_1_8' title='bbox 925 273 1315 335; x_wconf 83' lang='lat' dir='ltr'><strong>opprimendum</strong></span> <span class='ocrx_word' id='word_1_9' title='bbox 1331 280 1713 321; x_wconf 86' lang='lat' dir='ltr'><strong>consenserunt.</strong></span> 
     </span>
    </p>

    <p class='ocr_par' dir='ltr' id='par_1_3' title="bbox 169 349 1716 567">
     <span class='ocr_line' id='line_1_3' title="bbox 169 349 1716 413; baseline 0.001 -17"><span class='ocrx_word' id='word_1_10' title='bbox 169 358 195 397; x_wconf 89' lang='lat'><strong>3</strong></span> <span class='ocrx_word' id='word_1_11' title='bbox 220 349 362 396; x_wconf 90' lang='lat' dir='ltr'><strong>Haec</strong></span> <span class='ocrx_word' id='word_1_12' title='bbox 381 349 690 405; x_wconf 72' lang='lat' dir='ltr'><strong>Pandantes,</strong></span> <span class='ocrx_word' id='word_1_13' title='bbox 708 366 865 413; x_wconf 87' lang='lat' dir='ltr'><strong>gazae</strong></span> <span class='ocrx_word' id='word_1_14' title='bbox 884 357 1051 397; x_wconf 91' lang='lat' dir='ltr'><strong>custos</strong></span> <span class='ocrx_word' id='word_1_15' title='bbox 1069 352 1261 413; x_wconf 81' lang='lat' dir='ltr'>regiae,</span> <span class='ocrx_word' id='word_1_16' title='bbox 1279 353 1468 397; x_wconf 85' lang='lat' dir='ltr'><strong>amicus</strong></span> <span class='ocrx_word' id='word_1_17' title='bbox 1487 350 1716 407; x_wconf 80' lang='lat' dir='ltr'><strong>Datami,</strong></span> 
     </span>
     <span class='ocr_line' id='line_1_4' title="bbox 219 427 1716 492; baseline 0.001 -20"><span class='ocrx_word' id='word_1_18' title='bbox 219 430 499 490; x_wconf 87' lang='lat' dir='ltr'><strong>perscripta</strong></span> <span class='ocrx_word' id='word_1_19' title='bbox 530 430 575 473; x_wconf 93' lang='lat' dir='ltr'><strong>ei</strong></span> <span class='ocrx_word' id='word_1_20' title='bbox 604 429 784 482; x_wconf 86' lang='lat' dir='ltr'><strong>mittit,</strong></span> <span class='ocrx_word' id='word_1_21' title='bbox 814 430 866 472; x_wconf 92' lang='lat' dir='ltr'><strong>in</strong></span> <span class='ocrx_word' id='word_1_22' title='bbox 899 427 1081 490; x_wconf 89' lang='lat' dir='ltr'><strong>quibus</strong></span> <span class='ocrx_word' id='word_1_23' title='bbox 1112 427 1263 474; x_wconf 91' lang='lat' dir='ltr'><strong>docet</strong></span> <span class='ocrx_word' id='word_1_24' title='bbox 1296 443 1414 474; x_wconf 92' lang='lat' dir='ltr'><strong>eum</strong></span> <span class='ocrx_word' id='word_1_25' title='bbox 1445 431 1498 474; x_wconf 91' lang='lat' dir='ltr'><strong>in</strong></span> <span class='ocrx_word' id='word_1_26' title='bbox 1529 444 1716 492; x_wconf 85' lang='lat' dir='ltr'><strong>magno</strong></span> 
     </span>
     <span class='ocr_line' id='line_1_5' title="bbox 220 503 1714 567; baseline 0.001 -17"><span class='ocrx_word' id='word_1_27' title='bbox 220 503 327 551; x_wconf 84' lang='lat' dir='ltr'><strong>fore</strong></span> <span class='ocrx_word' id='word_1_28' title='bbox 381 504 621 567; x_wconf 85' lang='lat' dir='ltr'><strong>periculo,</strong></span> <span class='ocrx_word' id='word_1_29' title='bbox 667 507 708 550; x_wconf 90' lang='lat' dir='ltr'><strong>si</strong></span> <span class='ocrx_word' id='word_1_30' title='bbox 764 504 886 567; x_wconf 91' lang='lat' dir='ltr'><strong>quid</strong></span> <span class='ocrx_word' id='word_1_31' title='bbox 939 504 1023 551; x_wconf 91' lang='lat' dir='ltr'><strong>illo</strong></span> <span class='ocrx_word' id='word_1_32' title='bbox 1077 507 1364 566; x_wconf 78' lang='lat' dir='ltr'><strong>imperante</strong></span> <span class='ocrx_word' id='word_1_33' title='bbox 1415 504 1612 552; x_wconf 87' lang='lat' dir='ltr'><strong>adversi</strong></span> <span class='ocrx_word' id='word_1_34' title='bbox 1661 508 1714 551; x_wconf 91' lang='lat' dir='ltr'><strong>in</strong></span> 
     </span>
    </p>

    <p class='ocr_par' dir='ltr' id='par_1_4' title="bbox 169 581 1716 1093">
     <span class='ocr_line' id='line_1_6' title="bbox 169 581 1713 646; baseline 0.001 -18"><span class='ocrx_word' id='word_1_35' title='bbox 169 589 195 627; x_wconf 88' lang='lat'>4</span> <span class='ocrx_word' id='word_1_36' title='bbox 217 582 458 646; x_wconf 81' lang='lat' dir='ltr'><strong>Aegypto</strong></span> <span class='ocrx_word' id='word_1_37' title='bbox 488 582 768 628; x_wconf 89' lang='lat' dir='ltr'><strong>accidisset.</strong></span> <span class='ocrx_word' id='word_1_38' title='bbox 837 581 1072 644; x_wconf 88' lang='lat' dir='ltr'><strong>Namque</strong></span> <span class='ocrx_word' id='word_1_39' title='bbox 1106 598 1219 628; x_wconf 91' lang='lat' dir='ltr'><strong>eam</strong></span> <span class='ocrx_word' id='word_1_40' title='bbox 1250 598 1360 628; x_wconf 91' lang='lat' dir='ltr'><strong>esse</strong></span> <span class='ocrx_word' id='word_1_41' title='bbox 1389 583 1713 630; x_wconf 84' lang='lat' dir='ltr'><strong>consuetudi-</strong></span> 
     </span>
     <span class='ocr_line' id='line_1_7' title="bbox 219 658 1716 722; baseline 0.001 -17"><span class='ocrx_word' id='word_1_42' title='bbox 219 675 337 705; x_wconf 90' lang='lat' dir='ltr'><strong>nem</strong></span> <span class='ocrx_word' id='word_1_43' title='bbox 367 662 578 722; x_wconf 84' lang='lat' dir='ltr'><strong>regiam,</strong></span> <span class='ocrx_word' id='word_1_44' title='bbox 603 666 662 706; x_wconf 93' lang='lat' dir='ltr'><strong>ut</strong></span> <span class='ocrx_word' id='word_1_45' title='bbox 696 676 839 705; x_wconf 90' lang='lat' dir='ltr'><strong>casus</strong></span> <span class='ocrx_word' id='word_1_46' title='bbox 876 659 1111 706; x_wconf 85' lang='lat' dir='ltr'><strong>adversos</strong></span> <span class='ocrx_word' id='word_1_47' title='bbox 1145 658 1431 706; x_wconf 84' lang='lat' dir='ltr'><strong>hominibus</strong></span> <span class='ocrx_word' id='word_1_48' title='bbox 1466 660 1716 716; x_wconf 77' lang='lat' dir='ltr'><strong>tribuant,</strong></span> 
     </span>
     <span class='ocr_line' id='line_1_8' title="bbox 218 735 1716 794; baseline 0 -12"><span class='ocrx_word' id='word_1_49' title='bbox 218 737 464 783; x_wconf 90' lang='lat' dir='ltr'><strong>secundos</strong></span> <span class='ocrx_word' id='word_1_50' title='bbox 507 736 742 783; x_wconf 76' lang='lat' dir='ltr'><strong>fortunae</strong></span> <span class='ocrx_word' id='word_1_51' title='bbox 790 752 929 783; x_wconf 91' lang='lat' dir='ltr'><strong>suae.</strong></span> <span class='ocrx_word' id='word_1_52' title='bbox 1005 736 1119 794; x_wconf 83' lang='lat' dir='ltr'><strong>Quo</strong></span> <span class='ocrx_word' id='word_1_53' title='bbox 1168 736 1276 783; x_wconf 89' lang='lat' dir='ltr'><strong>fieri</strong></span> <span class='ocrx_word' id='word_1_54' title='bbox 1322 744 1382 783; x_wconf 87' lang='lat' dir='ltr'><strong>ut</strong></span> <span class='ocrx_word' id='word_1_55' title='bbox 1429 735 1576 783; x_wconf 92' lang='lat' dir='ltr'><strong>facile</strong></span> <span class='ocrx_word' id='word_1_56' title='bbox 1623 739 1716 782; x_wconf 91' lang='lat' dir='ltr'><strong>im-</strong></span> 
     </span>
     <span class='ocr_line' id='line_1_9' title="bbox 217 813 1716 876; baseline 0.001 -16"><span class='ocrx_word' id='word_1_57' title='bbox 217 813 473 876; x_wconf 72' lang='lat' dir='ltr'><strong>pellantur</strong></span> <span class='ocrx_word' id='word_1_58' title='bbox 494 814 558 860; x_wconf 87' lang='lat' dir='ltr'><strong>ad</strong></span> <span class='ocrx_word' id='word_1_59' title='bbox 579 830 752 860; x_wconf 88' lang='lat' dir='ltr'><strong>eorum</strong></span> <span class='ocrx_word' id='word_1_60' title='bbox 771 816 1048 876; x_wconf 89' lang='lat' dir='ltr'><strong>perniciem</strong></span> <span class='ocrx_word' id='word_1_61' title='bbox 1069 830 1282 876; x_wconf 90' lang='lat' dir='ltr'><strong>quorum</strong></span> <span class='ocrx_word' id='word_1_62' title='bbox 1301 814 1459 860; x_wconf 89' lang='lat' dir='ltr'><strong>ductu</strong></span> <span class='ocrx_word' id='word_1_63' title='bbox 1479 831 1558 861; x_wconf 93' lang='lat' dir='ltr'><strong>res</strong></span> <span class='ocrx_word' id='word_1_64' title='bbox 1578 814 1716 861; x_wconf 85' lang='lat' dir='ltr'><strong>male</strong></span> 
     </span>
     <span class='ocr_line' id='line_1_10' title="bbox 218 889 1714 955; baseline 0 -17"><span class='ocrx_word' id='word_1_65' title='bbox 218 899 396 955; x_wconf 82' lang='lat' dir='ltr'><strong>gestae</strong></span> <span class='ocrx_word' id='word_1_66' title='bbox 437 894 753 938; x_wconf 83' lang='lat' dir='ltr'><strong>nuntientur.</strong></span> <span class='ocrx_word' id='word_1_67' title='bbox 823 890 972 938; x_wconf 91' lang='lat' dir='ltr'><strong>Illum</strong></span> <span class='ocrx_word' id='word_1_68' title='bbox 1010 890 1106 938; x_wconf 91' lang='lat' dir='ltr'><strong>hoc</strong></span> <span class='ocrx_word' id='word_1_69' title='bbox 1145 894 1335 938; x_wconf 91' lang='lat' dir='ltr'><strong>maiore</strong></span> <span class='ocrx_word' id='word_1_70' title='bbox 1375 889 1482 938; x_wconf 89' lang='lat' dir='ltr'><strong>fore</strong></span> <span class='ocrx_word' id='word_1_71' title='bbox 1522 894 1575 937; x_wconf 91' lang='lat' dir='ltr'><strong>in</strong></span> <span class='ocrx_word' id='word_1_72' title='bbox 1615 891 1714 939; x_wconf 92' lang='lat' dir='ltr'><strong>dis-</strong></span> 
     </span>
     <span class='ocr_line' id='line_1_11' title="bbox 219 969 1712 1031; baseline 0.001 -17"><span class='ocrx_word' id='word_1_73' title='bbox 219 972 443 1025; x_wconf 88' lang='lat' dir='ltr'><strong>crimine,</strong></span> <span class='ocrx_word' id='word_1_74' title='bbox 491 969 643 1031; x_wconf 85' lang='lat' dir='ltr'><strong>quod,</strong></span> <span class='ocrx_word' id='word_1_75' title='bbox 691 969 872 1031; x_wconf 89' lang='lat' dir='ltr'><strong>quibus</strong></span> <span class='ocrx_word' id='word_1_76' title='bbox 919 984 1009 1015; x_wconf 79' lang='lat' dir='ltr'><strong>rex</strong></span> <span class='ocrx_word' id='word_1_77' title='bbox 1055 971 1277 1015; x_wconf 78' lang='lat' dir='ltr'><strong>maxime</strong></span> <span class='ocrx_word' id='word_1_78' title='bbox 1323 969 1579 1025; x_wconf 89' lang='lat' dir='ltr'><strong>oboediat,</strong></span> <span class='ocrx_word' id='word_1_79' title='bbox 1627 984 1712 1016; x_wconf 85' lang='lat' dir='ltr'><strong>eos</strong></span> 
     </span>
     <span class='ocr_line' id='line_1_12' title="bbox 217 1045 813 1093; baseline 0 0"><span class='ocrx_word' id='word_1_80' title='bbox 217 1045 408 1093; x_wconf 88' lang='lat' dir='ltr'><strong>habeat</strong></span> <span class='ocrx_word' id='word_1_81' title='bbox 433 1049 813 1093; x_wconf 88' lang='lat' dir='ltr'><strong>inimicissimos.</strong></span> 
     </span>
    </p>

    <p class='ocr_par' dir='ltr' id='par_1_5' title="bbox 166 1123 1718 1342">
     <span class='ocr_line' id='line_1_13' title="bbox 166 1123 1716 1187; baseline 0 -17"><span class='ocrx_word' id='word_1_82' title='bbox 166 1133 192 1171; x_wconf 91' lang='lat'>5</span> <span class='ocrx_word' id='word_1_83' title='bbox 278 1123 482 1170; x_wconf 85' lang='lat' dir='ltr'><strong>Talibus</strong></span> <span class='ocrx_word' id='word_1_84' title='bbox 512 1123 596 1170; x_wconf 90' lang='lat' dir='ltr'><strong>ille</strong></span> <span class='ocrx_word' id='word_1_85' title='bbox 618 1123 802 1170; x_wconf 87' lang='lat' dir='ltr'><strong>litteris</strong></span> <span class='ocrx_word' id='word_1_86' title='bbox 826 1126 1059 1187; x_wconf 83' lang='lat' dir='ltr'><strong>cognitis,</strong></span> <span class='ocrx_word' id='word_1_87' title='bbox 1083 1140 1198 1170; x_wconf 90' lang='lat' dir='ltr'><strong>cum</strong></span> <span class='ocrx_word' id='word_1_88' title='bbox 1221 1126 1323 1170; x_wconf 90' lang='lat' dir='ltr'><strong>iam</strong></span> <span class='ocrx_word' id='word_1_89' title='bbox 1347 1123 1413 1170; x_wconf 91' lang='lat' dir='ltr'><strong>ad</strong></span> <span class='ocrx_word' id='word_1_90' title='bbox 1436 1126 1716 1170; x_wconf 84' lang='lat' dir='ltr'><strong>exercitum</strong></span> 
     </span>
     <span class='ocr_line' id='line_1_14' title="bbox 220 1201 1717 1264; baseline 0 -17"><span class='ocrx_word' id='word_1_91' title='bbox 220 1202 364 1248; x_wconf 83' lang='lat' dir='ltr'><strong>Acen</strong></span> <span class='ocrx_word' id='word_1_92' title='bbox 394 1204 634 1257; x_wconf 85' lang='lat' dir='ltr'><strong>venisset,</strong></span> <span class='ocrx_word' id='word_1_93' title='bbox 666 1201 803 1264; x_wconf 89' lang='lat' dir='ltr'><strong>quod</strong></span> <span class='ocrx_word' id='word_1_94' title='bbox 837 1218 939 1247; x_wconf 91' lang='lat' dir='ltr'><strong>non</strong></span> <span class='ocrx_word' id='word_1_95' title='bbox 968 1202 1238 1264; x_wconf 80' lang='lat' dir='ltr'><strong>ignorabat</strong></span> <span class='ocrx_word' id='word_1_96' title='bbox 1270 1217 1332 1247; x_wconf 91' lang='lat' dir='ltr'><strong>ea</strong></span> <span class='ocrx_word' id='word_1_97' title='bbox 1362 1217 1480 1247; x_wconf 90' lang='lat' dir='ltr'><strong>vere</strong></span> <span class='ocrx_word' id='word_1_98' title='bbox 1512 1204 1717 1264; x_wconf 89' lang='lat' dir='ltr'><strong>scripta,</strong></span> 
     </span>
     <span class='ocr_line' id='line_1_15' title="bbox 220 1278 1718 1342; baseline 0 -17"><span class='ocrx_word' id='word_1_99' title='bbox 220 1279 498 1326; x_wconf 90' lang='lat' dir='ltr'><strong>desciscere</strong></span> <span class='ocrx_word' id='word_1_100' title='bbox 544 1295 573 1324; x_wconf 89' lang='lat' dir='ltr'><strong>a</strong></span> <span class='ocrx_word' id='word_1_101' title='bbox 615 1295 738 1342; x_wconf 88' lang='lat' dir='ltr'><strong>rege</strong></span> <span class='ocrx_word' id='word_1_102' title='bbox 781 1281 1062 1325; x_wconf 89' lang='lat' dir='ltr'><strong>constituit.</strong></span> <span class='ocrx_word' id='word_1_103' title='bbox 1137 1278 1318 1341; x_wconf 90' lang='lat' dir='ltr'><strong>Neque</strong></span> <span class='ocrx_word' id='word_1_104' title='bbox 1362 1285 1538 1325; x_wconf 90' lang='lat' dir='ltr'><strong>tamen</strong></span> <span class='ocrx_word' id='word_1_105' title='bbox 1581 1282 1718 1341; x_wconf 90' lang='lat' dir='ltr'><strong>quic-</strong></span> 
     </span>
    </p>

    <p class='ocr_par' dir='ltr' id='par_1_6' title="bbox 168 1355 1718 1868">
     <span class='ocr_line' id='line_1_16' title="bbox 168 1355 1717 1420; baseline -0.001 -17"><span class='ocrx_word' id='word_1_106' title='bbox 168 1363 193 1403; x_wconf 87' lang='lat'>6</span> <span class='ocrx_word' id='word_1_107' title='bbox 218 1373 370 1419; x_wconf 91' lang='lat' dir='ltr'><strong>quam</strong></span> <span class='ocrx_word' id='word_1_108' title='bbox 415 1355 538 1403; x_wconf 90' lang='lat' dir='ltr'><strong>fecit</strong></span> <span class='ocrx_word' id='word_1_109' title='bbox 583 1356 719 1420; x_wconf 90' lang='lat' dir='ltr'><strong>quod</strong></span> <span class='ocrx_word' id='word_1_110' title='bbox 763 1356 863 1403; x_wconf 92' lang='lat' dir='ltr'><strong>fide</strong></span> <span class='ocrx_word' id='word_1_111' title='bbox 909 1373 1000 1402; x_wconf 91' lang='lat' dir='ltr'><strong>sua</strong></span> <span class='ocrx_word' id='word_1_112' title='bbox 1046 1363 1182 1403; x_wconf 89' lang='lat' dir='ltr'><strong>esset</strong></span> <span class='ocrx_word' id='word_1_113' title='bbox 1225 1356 1506 1419; x_wconf 90' lang='lat' dir='ltr'><strong>indignum.</strong></span> <span class='ocrx_word' id='word_1_114' title='bbox 1585 1355 1717 1402; x_wconf 91' lang='lat' dir='ltr'><strong>Nam</strong></span> 
     </span>
     <span class='ocr_line' id='line_1_17' title="bbox 222 1432 1717 1497; baseline 0 -17"><span class='ocrx_word' id='word_1_115' title='bbox 222 1433 573 1480; x_wconf 89' lang='lat' dir='ltr'><strong>Mandroclem</strong></span> <span class='ocrx_word' id='word_1_116' title='bbox 627 1433 932 1497; x_wconf 85' lang='lat' dir='ltr'><strong>Magnetem</strong></span> <span class='ocrx_word' id='word_1_117' title='bbox 979 1436 1225 1480; x_wconf 84' lang='lat' dir='ltr'><strong>exercitui</strong></span> <span class='ocrx_word' id='word_1_118' title='bbox 1269 1432 1546 1496; x_wconf 87' lang='lat' dir='ltr'><strong>praefecit;</strong></span> <span class='ocrx_word' id='word_1_119' title='bbox 1608 1436 1717 1496; x_wconf 83' lang='lat' dir='ltr'><strong>ipse</strong></span> 
     </span>
     <span class='ocr_line' id='line_1_18' title="bbox 220 1511 1717 1574; baseline 0 -16"><span class='ocrx_word' id='word_1_120' title='bbox 220 1528 335 1558; x_wconf 90' lang='lat' dir='ltr'><strong>cum</strong></span> <span class='ocrx_word' id='word_1_121' title='bbox 378 1514 477 1558; x_wconf 90' lang='lat' dir='ltr'><strong>suis</strong></span> <span class='ocrx_word' id='word_1_122' title='bbox 523 1514 575 1557; x_wconf 92' lang='lat' dir='ltr'><strong>in</strong></span> <span class='ocrx_word' id='word_1_123' title='bbox 619 1511 993 1574; x_wconf 90' lang='lat' dir='ltr'><strong>Cappadociam</strong></span> <span class='ocrx_word' id='word_1_124' title='bbox 1036 1511 1252 1558; x_wconf 78' lang='lat' dir='ltr'><strong>discedit</strong></span> <span class='ocrx_word' id='word_1_125' title='bbox 1293 1513 1717 1574; x_wconf 85' lang='lat' dir='ltr'><strong>coniunctamque</strong></span> 
     </span>
     <span class='ocr_line' id='line_1_19' title="bbox 218 1587 1716 1652; baseline -0.001 -17"><span class='ocrx_word' id='word_1_126' title='bbox 218 1588 333 1635; x_wconf 89' lang='lat' dir='ltr'><strong>huic</strong></span> <span class='ocrx_word' id='word_1_127' title='bbox 381 1588 780 1652; x_wconf 90' lang='lat' dir='ltr'><strong>Paphlagoniam</strong></span> <span class='ocrx_word' id='word_1_128' title='bbox 822 1595 1054 1651; x_wconf 89' lang='lat' dir='ltr'><strong>occupat,</strong></span> <span class='ocrx_word' id='word_1_129' title='bbox 1097 1588 1265 1635; x_wconf 91' lang='lat' dir='ltr'><strong>celans</strong></span> <span class='ocrx_word' id='word_1_130' title='bbox 1308 1605 1410 1651; x_wconf 91' lang='lat' dir='ltr'><strong>qua</strong></span> <span class='ocrx_word' id='word_1_131' title='bbox 1451 1587 1716 1635; x_wconf 89' lang='lat' dir='ltr'><strong>voluntate</strong></span> 
     </span>
     <span class='ocr_line' id='line_1_20' title="bbox 220 1664 1718 1729; baseline 0 -16"><span class='ocrx_word' id='word_1_132' title='bbox 220 1674 356 1713; x_wconf 89' lang='lat' dir='ltr'><strong>esset</strong></span> <span class='ocrx_word' id='word_1_133' title='bbox 423 1669 475 1712; x_wconf 90' lang='lat' dir='ltr'><strong>in</strong></span> <span class='ocrx_word' id='word_1_134' title='bbox 543 1683 735 1729; x_wconf 89' lang='lat' dir='ltr'><strong>regem.</strong></span> <span class='ocrx_word' id='word_1_135' title='bbox 812 1665 954 1713; x_wconf 88' lang='lat' dir='ltr'><strong>Clam</strong></span> <span class='ocrx_word' id='word_1_136' title='bbox 1023 1683 1138 1712; x_wconf 90' lang='lat' dir='ltr'><strong>cum</strong></span> <span class='ocrx_word' id='word_1_137' title='bbox 1207 1666 1550 1712; x_wconf 87' lang='lat' dir='ltr'><strong>Ariobarzane</strong></span> <span class='ocrx_word' id='word_1_138' title='bbox 1595 1664 1718 1713; x_wconf 87' lang='lat' dir='ltr'><strong>facit</strong></span> 
     </span>
     <span class='ocr_line' id='line_1_21' title="bbox 224 1743 1716 1806; baseline -0.001 -16"><span class='ocrx_word' id='word_1_139' title='bbox 224 1747 515 1799; x_wconf 85' lang='lat' dir='ltr'><strong>amicitiam,</strong></span> <span class='ocrx_word' id='word_1_140' title='bbox 562 1760 770 1789; x_wconf 91' lang='lat' dir='ltr'><strong>manum</strong></span> <span class='ocrx_word' id='word_1_141' title='bbox 817 1750 1095 1806; x_wconf 87' lang='lat' dir='ltr'><strong>comparat,</strong></span> <span class='ocrx_word' id='word_1_142' title='bbox 1143 1743 1294 1790; x_wconf 85' lang='lat' dir='ltr'><strong>urbes</strong></span> <span class='ocrx_word' id='word_1_143' title='bbox 1341 1746 1563 1790; x_wconf 84' lang='lat' dir='ltr'><strong>munitas</strong></span> <span class='ocrx_word' id='word_1_144' title='bbox 1615 1746 1716 1791; x_wconf 85' lang='lat' dir='ltr'><strong>suis</strong></span> 
     </span>
     <span class='ocr_line' id='line_1_22' title="bbox 218 1821 635 1868; baseline -0.002 0"><span class='ocrx_word' id='word_1_145' title='bbox 218 1821 435 1868; x_wconf 87' lang='lat' dir='ltr'><strong>tuendas</strong></span> <span class='ocrx_word' id='word_1_146' title='bbox 461 1821 635 1867; x_wconf 88' lang='lat' dir='ltr'><strong>tradit.</strong></span> 
     </span>
    </p>

    <p class='ocr_par' dir='ltr' id='par_1_7' title="bbox 217 1897 1717 2425">
     <span class='ocr_line' id='line_1_23' title="bbox 280 1897 1717 1961; baseline -0.001 -15"><span class='ocrx_word' id='word_1_147' title='bbox 280 1898 328 1949; x_wconf 85' lang='lat'><strong>6.</strong></span> <span class='ocrx_word' id='word_1_148' title='bbox 373 1897 473 1945; x_wconf 86' lang='lat' dir='ltr'><strong>Sed</strong></span> <span class='ocrx_word' id='word_1_149' title='bbox 537 1897 663 1945; x_wconf 91' lang='lat' dir='ltr'><strong>haec</strong></span> <span class='ocrx_word' id='word_1_150' title='bbox 728 1905 936 1961; x_wconf 92' lang='lat' dir='ltr'><strong>propter</strong></span> <span class='ocrx_word' id='word_1_151' title='bbox 1000 1897 1218 1944; x_wconf 86' lang='lat' dir='ltr'><strong>hiemale</strong></span> <span class='ocrx_word' id='word_1_152' title='bbox 1283 1904 1487 1961; x_wconf 87' lang='lat' dir='ltr'><strong>tempus</strong></span> <span class='ocrx_word' id='word_1_153' title='bbox 1551 1900 1717 1945; x_wconf 89' lang='lat' dir='ltr'><strong>minus</strong></span> 
     </span>
     <span class='ocr_line' id='line_1_24' title="bbox 217 1974 1717 2038; baseline 0 -16"><span class='ocrx_word' id='word_1_154' title='bbox 217 1992 457 2038; x_wconf 89' lang='lat' dir='ltr'><strong>prospere</strong></span> <span class='ocrx_word' id='word_1_155' title='bbox 513 1976 875 2038; x_wconf 87' lang='lat' dir='ltr'><strong>procedebant.</strong></span> <span class='ocrx_word' id='word_1_156' title='bbox 964 1976 1125 2023; x_wconf 90' lang='lat' dir='ltr'><strong>Audit</strong></span> <span class='ocrx_word' id='word_1_157' title='bbox 1181 1974 1374 2023; x_wconf 87' lang='lat' dir='ltr'><strong>Pisidas</strong></span> <span class='ocrx_word' id='word_1_158' title='bbox 1431 1975 1717 2038; x_wconf 84' lang='lat' dir='ltr'><strong>quosdam1</strong></span> 
     </span>
     <span class='ocr_line' id='line_1_25' title="bbox 218 2052 1717 2116; baseline -0.001 -16"><span class='ocrx_word' id='word_1_159' title='bbox 218 2057 386 2115; x_wconf 87' lang='lat' dir='ltr'><strong>copias</strong></span> <span class='ocrx_word' id='word_1_160' title='bbox 432 2053 669 2099; x_wconf 81' lang='lat' dir='ltr'><strong>adversus</strong></span> <span class='ocrx_word' id='word_1_161' title='bbox 715 2069 768 2099; x_wconf 92' lang='lat' dir='ltr'><strong>se</strong></span> <span class='ocrx_word' id='word_1_162' title='bbox 812 2070 1008 2116; x_wconf 88' lang='lat' dir='ltr'><strong>parare.</strong></span> <span class='ocrx_word' id='word_1_163' title='bbox 1083 2052 1264 2099; x_wconf 91' lang='lat' dir='ltr'><strong>Filium</strong></span> <span class='ocrx_word' id='word_1_164' title='bbox 1310 2069 1370 2099; x_wconf 91' lang='lat' dir='ltr'><strong>eo</strong></span> <span class='ocrx_word' id='word_1_165' title='bbox 1414 2053 1717 2099; x_wconf 89' lang='lat' dir='ltr'><strong>Arsidaeum</strong></span> 
     </span>
     <span class='ocr_line' id='line_1_26' title="bbox 220 2129 1714 2192; baseline -0.001 -15"><span class='ocrx_word' id='word_1_166' title='bbox 220 2148 335 2177; x_wconf 91' lang='lat' dir='ltr'><strong>cum</strong></span> <span class='ocrx_word' id='word_1_167' title='bbox 383 2134 611 2177; x_wconf 82' lang='lat' dir='ltr'><strong>exercitu</strong></span> <span class='ocrx_word' id='word_1_168' title='bbox 656 2133 846 2186; x_wconf 84' lang='lat' dir='ltr'><strong>mittit3</strong></span> <span class='ocrx_word' id='word_1_169' title='bbox 901 2130 1038 2177; x_wconf 87' lang='lat' dir='ltr'><strong>cadit</strong></span> <span class='ocrx_word' id='word_1_170' title='bbox 1078 2133 1130 2176; x_wconf 91' lang='lat' dir='ltr'><strong>in</strong></span> <span class='ocrx_word' id='word_1_171' title='bbox 1165 2129 1356 2192; x_wconf 88' lang='lat' dir='ltr'><strong>proelio</strong></span> <span class='ocrx_word' id='word_1_172' title='bbox 1403 2129 1714 2177; x_wconf 87' lang='lat' dir='ltr'><strong>adulescens.</strong></span> 
     </span>
     <span class='ocr_line' id='line_1_27' title="bbox 221 2207 1716 2270; baseline 0 -17"><span class='ocrx_word' id='word_1_173' title='bbox 221 2207 557 2254; x_wconf 88' lang='lat' dir='ltr'><strong>Proficiscitur</strong></span> <span class='ocrx_word' id='word_1_174' title='bbox 601 2224 661 2254; x_wconf 89' lang='lat' dir='ltr'><strong>eo</strong></span> <span class='ocrx_word' id='word_1_175' title='bbox 706 2215 855 2270; x_wconf 89' lang='lat' dir='ltr'><strong>pater</strong></span> <span class='ocrx_word' id='word_1_176' title='bbox 897 2225 999 2254; x_wconf 91' lang='lat' dir='ltr'><strong>non</strong></span> <span class='ocrx_word' id='word_1_177' title='bbox 1041 2211 1115 2254; x_wconf 86' lang='lat' dir='ltr'><strong>ita</strong></span> <span class='ocrx_word' id='word_1_178' title='bbox 1157 2224 1272 2254; x_wconf 91' lang='lat' dir='ltr'><strong>cum</strong></span> <span class='ocrx_word' id='word_1_179' title='bbox 1314 2223 1502 2270; x_wconf 88' lang='lat' dir='ltr'><strong>magna</strong></span> <span class='ocrx_word' id='word_1_180' title='bbox 1543 2223 1716 2263; x_wconf 87' lang='lat' dir='ltr'><strong>manu,</strong></span> 
     </span>
     <span class='ocr_line' id='line_1_28' title="bbox 220 2283 1717 2348; baseline -0.001 -17"><span class='ocrx_word' id='word_1_181' title='bbox 220 2285 388 2331; x_wconf 89' lang='lat' dir='ltr'><strong>celans</strong></span> <span class='ocrx_word' id='word_1_182' title='bbox 437 2292 686 2348; x_wconf 85' lang='lat' dir='ltr'><strong>quantum</strong></span> <span class='ocrx_word' id='word_1_183' title='bbox 729 2285 908 2332; x_wconf 88' lang='lat' dir='ltr'><strong>vulnus</strong></span> <span class='ocrx_word' id='word_1_184' title='bbox 953 2288 1249 2347; x_wconf 89' lang='lat' dir='ltr'><strong>accepisset,</strong></span> <span class='ocrx_word' id='word_1_185' title='bbox 1293 2284 1430 2347; x_wconf 93' lang='lat' dir='ltr'><strong>quod</strong></span> <span class='ocrx_word' id='word_1_186' title='bbox 1471 2287 1607 2347; x_wconf 88' lang='lat' dir='ltr'><strong>prius</strong></span> <span class='ocrx_word' id='word_1_187' title='bbox 1651 2283 1717 2330; x_wconf 92' lang='lat' dir='ltr'><strong>ad</strong></span> 
     </span>
     <span class='ocr_line' id='line_1_29' title="bbox 219 2360 1717 2425; baseline -0.001 -17"><span class='ocrx_word' id='word_1_188' title='bbox 219 2360 419 2409; x_wconf 85' lang='lat' dir='ltr'><strong>hostem</strong></span> <span class='ocrx_word' id='word_1_189' title='bbox 454 2365 718 2425; x_wconf 81' lang='lat' dir='ltr'><strong>pervenire</strong></span> <span class='ocrx_word' id='word_1_190' title='bbox 749 2363 1007 2425; x_wconf 86' lang='lat' dir='ltr'><strong>cupiebat,</strong></span> <span class='ocrx_word' id='word_1_191' title='bbox 1038 2379 1192 2425; x_wconf 91' lang='lat' dir='ltr'><strong>quam</strong></span> <span class='ocrx_word' id='word_1_192' title='bbox 1223 2362 1287 2408; x_wconf 90' lang='lat' dir='ltr'><strong>de</strong></span> <span class='ocrx_word' id='word_1_193' title='bbox 1318 2361 1451 2408; x_wconf 85' lang='lat' dir='ltr'><strong>male</strong></span> <span class='ocrx_word' id='word_1_194' title='bbox 1482 2377 1537 2408; x_wconf 90' lang='lat' dir='ltr'><strong>re</strong></span> <span class='ocrx_word' id='word_1_195' title='bbox 1567 2367 1717 2425; x_wconf 84' lang='lat' dir='ltr'><strong>gesta</strong></span> 
     </span>
    </p>
   </div>
   <div class='ocr_carea' id='block_1_3' title="bbox 222 2488 1410 2628">
    <p class='ocr_par' dir='ltr' id='par_1_8' title="bbox 222 2488 1410 2628">
     <span class='ocr_line' id='line_1_30' title="bbox 520 2488 1410 2541; baseline -0.002 -11"><span class='ocrx_word' id='word_1_196' title='bbox 520 2489 537 2515; x_wconf 85' lang='lat'>¹</span> <span class='ocrx_word' id='word_1_197' title='bbox 566 2490 793 2541; x_wconf 88' lang='lat' dir='ltr'><strong>quosdam,</strong></span> <span class='ocrx_word' id='word_1_198' title='bbox 815 2491 988 2540; x_wconf 50' lang='lat' dir='ltr'><strong>Lupum</strong></span> <span class='ocrx_word' id='word_1_199' title='bbox 1027 2488 1253 2541; x_wconf 82' lang='lat' dir='ltr'><strong>quasdam,</strong></span> <span class='ocrx_word' id='word_1_200' title='bbox 1275 2488 1410 2529; x_wconf 75' lang='lat' dir='ltr'><strong>MSS.</strong></span> 
     </span>
     <span class='ocr_line' id='line_1_31' title="bbox 222 2567 311 2628; baseline 0.011 -17"><span class='ocrx_word' id='word_1_201' title='bbox 222 2567 311 2628; x_wconf 85' lang='lat'><strong>518</strong></span> 
     </span>
    </p>
   </div>
  </div>
 </body>
</html>
