1802 2942
648 177 1044 228 CORNELIUS
1090 177 1311 227 NEPOS

229 310 445 364 videtur,
480 308 572 356 sed
606 311 647 355 si
680 307 835 354 liceat
868 323 924 354 re
959 307 1163 371 publica
1196 307 1336 354 salva
1370 323 1433 354 ea
1465 312 1719 371 persequi.

226 376 328 424 Sed
370 383 623 439 quatenus
665 375 718 421 id
760 374 868 421 fieri
909 391 1012 421 non
1051 381 1244 437 potest,
1284 374 1447 421 multo
1487 382 1720 438 tempore

225 443 502 505 multisque
522 443 753 504 partibus
773 444 962 487 inimici
982 444 1143 488 nostri
1162 458 1264 487 non
1283 442 1543 504 peribunt,
1564 450 1720 505 atque

227 514 303 557 uti
339 526 474 556 nunc
510 516 630 556 sunt
669 515 819 555 erunt
855 511 1024 571 potius
1063 525 1217 571 quam
1252 525 1332 555 res
1369 508 1573 572 publica
1606 526 1721 572 pro-

226 578 433 641 fligetur
459 583 616 639 atque
642 583 839 638 pereat.

290 644 487 691 Eadem
512 643 609 689 alio
630 643 757 689 loco.

291 713 335 759 2.
372 711 551 757 Verbis
586 712 844 771 conceptis
880 709 1110 756 deierare
1146 711 1324 764 ausim,
1358 716 1720 772 praeterquam

227 782 314 841 qui
349 778 608 824 Tiberium
645 775 932 823 Gracchum
965 783 1232 831 necarunt,
1266 779 1524 823 neminem
1557 779 1722 823 inimi-

227 862 343 892 cum
361 845 382 875 1
403 852 608 892 tantum
630 843 896 890 molestiae
917 850 1227 906 tantumque
1246 843 1450 899 laboris,
1471 852 1721 906 quantum

227 920 281 960 te
329 913 394 959 ob
438 911 529 958 has
574 928 673 966 res,
718 910 841 956 mihi
886 910 1185 964 tradidisse3
1249 927 1403 973 quem
1447 912 1721 973 oportebat

227 983 454 1027 omnium
482 995 657 1025 eorum
678 978 697 1007 ²
727 994 852 1040 quos
882 976 1100 1024 antehac
1128 976 1284 1024 habui
1309 977 1494 1024 liberos
1522 982 1681 1040 partis
1698 977 1720 1008 3

226 1046 446 1094 tolerare
467 1053 623 1108 atque
643 1062 819 1091 curare
838 1052 897 1091 ut
917 1061 1071 1107 quam
1089 1047 1355 1090 minimum
1373 1044 1720 1093 sollicitudinis

227 1117 281 1160 in
309 1120 519 1161 senecta
547 1113 809 1168 haberem,
838 1115 1018 1174 utique
1049 1128 1403 1174 quaecumque
1433 1128 1630 1175 ageres,
1660 1129 1722 1159 ea

229 1180 382 1228 velles
410 1183 633 1226 maxime
661 1179 785 1225 mihi
811 1178 1013 1241 placere
1043 1186 1200 1241 atque
1228 1182 1306 1225 uti
1333 1177 1476 1225 nefas
1505 1178 1720 1227 haberes

227 1264 397 1295 rerum
434 1251 682 1293 maiorum
722 1247 991 1293 adversum
1027 1262 1197 1292 meam
1234 1249 1547 1292 sententiam
1585 1249 1724 1309 quic-

230 1332 383 1378 quam
417 1313 604 1369 facere,
638 1316 941 1376 praesertim
974 1312 1098 1358 mihi
1132 1316 1213 1360 cui
1246 1329 1402 1375 parva
1435 1330 1551 1376 pars
1584 1317 1721 1361 vitae

228 1389 478 1444 superest.
547 1381 624 1427 Ne
654 1382 707 1428 id
737 1381 945 1443 quidem
974 1387 1083 1426 tam
1111 1381 1268 1426 breve
1296 1383 1520 1443 spatium
1549 1388 1722 1443 potest

228 1449 485 1511 opitulari,
521 1451 642 1512 quin
680 1455 734 1495 et
768 1447 893 1493 mihi
928 1448 1196 1494 adversere
1234 1453 1289 1493 et
1322 1464 1433 1494 rem
1466 1447 1722 1510 publicam

227 1516 500 1579 profliges?
568 1515 807 1578 Denique
860 1531 991 1577 quae
1043 1531 1204 1577 pausa
1255 1515 1387 1561 erit?
1458 1516 1722 1578 ecquando

229 1585 431 1631 desinet
472 1582 665 1629 familia
705 1589 879 1629 nostra
919 1582 1175 1628 insanire?
1237 1582 1501 1644 ecquando
1542 1583 1722 1629 modus

231 1654 277 1697 ei
298 1654 371 1696 rei
393 1650 570 1696 haberi
590 1650 816 1711 poterit?
857 1649 1122 1711 ecquando
1144 1649 1434 1696 desinemus
1456 1655 1512 1696 et
1531 1648 1724 1696 haben·

228 1725 308 1764 tes
357 1725 410 1763 et
456 1718 764 1779 praebentes
810 1715 1055 1762 molestiis
1100 1714 1412 1762 insistere?4
1457 1717 1722 1779 ecquando

228 1785 570 1847 perpudescet
588 1784 848 1830 miscenda
867 1790 1025 1846 atque
1043 1783 1394 1845 perturbanda
1410 1799 1466 1829 re
1484 1784 1722 1845 publica?

231 1851 333 1898 Sed
352 1855 392 1898 si
411 1854 615 1898 omnino
633 1851 687 1897 id
706 1850 814 1896 fieri
833 1867 935 1896 non
952 1857 1144 1912 potest,
1163 1851 1251 1897 ubi
1270 1866 1366 1913 ego
1390 1858 1593 1897 mortua
1618 1868 1722 1907 ero,

230 1922 395 1980 petito
440 1919 789 1972 tribunatum3
852 1934 945 1980 per
990 1933 1074 1964 me
1120 1915 1276 1964 facito
1323 1918 1461 1980 quod
1505 1917 1723 1974 lubebit,

230 2003 344 2032 cum
375 2002 470 2048 ego
500 2003 601 2031 non
630 1988 864 2031 sentiam.
934 1984 1037 2031 Ubi
1064 1991 1267 2030 mortua
1296 2000 1399 2040 ero,
1427 1986 1722 2046 parentabis

230 2052 352 2098 mihi
387 2060 440 2098 et
472 2054 727 2099 invocabis
761 2052 914 2098 deum
946 2058 1232 2114 parentem.
1302 2051 1362 2097 In
1396 2068 1457 2098 eo
1489 2058 1722 2114 tempore

231 2137 332 2165 non
370 2120 532 2182 pudet
572 2127 626 2165 te
668 2135 842 2165 eorum
882 2119 1036 2165 deum
1075 2134 1251 2180 preces
1293 2125 1557 2180 expetere,
1597 2135 1722 2182 quos

231 2190 366 2233 w'vos
430 2194 586 2249 atque
649 2192 946 2248 praesentes
1008 2185 1210 2232 relictos
1273 2192 1430 2248 atque
1493 2186 1721 2233 desertos

298 2293 313 2317 1
341 2294 579 2337 inimicum,
603 2292 769 2331 omitted
791 2291 841 2342 by
863 2291 948 2343 Gis.
973 2292 986 2341 (
1005 2292 1057 2340 ?).
1191 2291 1207 2316 ²
1236 2304 1446 2338 meorum,
1469 2291 1590 2334 Roth.

294 2346 310 2370 ³
340 2348 477 2398 partis
499 2359 663 2391 eorum,
689 2346 847 2391 MSS.;
886 2344 1053 2384 omitted
1074 2344 1122 2383 in
1144 2344 1205 2384 ed.
1229 2345 1277 2397 of
1292 2345 1467 2385 Savaro.

295 2400 312 2424 ⁴²
341 2402 551 2446 insistere,
577 2400 740 2450 Nipp.;
780 2400 1001 2445 desistere,
1027 2398 1161 2438 MSS.

293 2502 310 2527 ¹
340 2502 424 2541 For
447 2502 591 2541 multis
613 2501 804 2552 partibus
825 2519 867 2534 =
889 2500 1031 2548 multo,
1052 2513 1121 2540 see
1145 2499 1231 2540 Cic.
1251 2500 1391 2551 Epist.
1411 2500 1441 2540 i.
1459 2501 1500 2540 2.
1515 2502 1557 2548 2,
1578 2500 1721 2541 multis

232 2556 422 2607 partibus
446 2556 609 2605 plures3
648 2555 736 2594 and
760 2555 851 2594 viii.
874 2556 914 2594 9.
938 2556 978 2595 3.

234 2609 451 2702 mglgsliiffsh
497 2609 684 2649 habentes
731 2608 817 2648 and
863 2607 1097 2658 praebentes
1151 2607 1309 2660 supply
1354 2607 1562 2647 molestiae
1609 2608 1720 2647 from

231 2723 323 2778 694
