1747 2912
133 302 157 341 6

135 576 158 616 7

135 940 158 978 8

549 166 605 216 L.
655 165 990 211 ANNAEUS
1040 164 1311 212 FLORUS

185 295 525 357 vagabantur3
574 300 684 340 tum
721 293 943 339 Clusium
982 293 1157 339 urbem
1192 292 1505 340 obsidebant.
1580 293 1676 339 Pro

187 389 329 432 sociis
371 402 428 431 ac
467 384 738 431 foederatis
787 385 1036 430 Romanus
1075 388 1383 440 intervenit3
1432 388 1569 432 missi
1612 401 1675 432 ex

186 493 323 522 more
349 476 518 538 legati.
595 475 696 522 Sed
720 476 855 538 quod
878 479 952 521 ius
978 475 1112 537 apud
1137 477 1404 521 barbaros?
1442 476 1676 523 Ferocius

189 575 365 629 agunt,
390 574 443 613 et
471 567 592 612 inde
625 573 895 613 certamen.
971 567 1231 612 Conversis
1261 570 1415 628 igitur
1447 584 1476 612 a
1509 567 1676 613 Clusio

189 658 497 720 Romamque
522 659 844 704 venientibus
880 657 944 703 ad
981 657 1144 703 Aliam
1182 657 1371 703 flumen
1395 674 1510 704 cum
1535 673 1677 704 exer-

187 753 289 795 citu
341 749 521 794 Fabius
570 748 742 795 consul
790 752 1015 796 occurrit.
1091 749 1208 793 Non
1249 755 1443 795 temere
1486 748 1680 795 foedior

188 840 384 895 clades3
437 844 607 902 itaque
650 840 785 885 hunc
833 840 968 885 diem
1016 839 1156 885 fastis
1201 840 1357 885 Roma
1404 839 1675 886 damnavit.

187 931 316 977 Fuso
365 935 590 977 exercitu
632 934 730 976 iam
768 931 1032 977 moenibus
1075 932 1210 976 urbis
1253 931 1674 993 propinquabant.

189 1023 348 1069 Erant
373 1022 511 1068 nulla
542 1022 801 1084 praesidia.
876 1022 1006 1067 Tum
1031 1025 1187 1084 igitur
1211 1026 1298 1080 sic,
1325 1029 1380 1068 ut
1406 1039 1679 1084 numquam

131 1122 156 1160 9
185 1114 322 1171 alias,
341 1117 573 1175 apparuit
597 1129 715 1159 vera
739 1113 825 1158 illa
853 1113 1074 1159 Romana
1093 1116 1263 1159 virtus.
1329 1113 1435 1159 Iam
1461 1117 1677 1176 primum

103 1396 151 1434 10

104 1669 151 1708 11

106 1943 153 1982 12

187 1209 397 1251 maiores
440 1211 580 1261 natu,
622 1204 938 1266 amplissimis
981 1207 1057 1250 usi
1099 1204 1384 1263 honoribus,
1426 1208 1479 1250 in
1517 1204 1680 1251 forum

189 1302 391 1353 coeunt,
438 1297 507 1342 ibi
555 1295 840 1342 devovente
889 1295 1127 1357 pontifice
1177 1295 1253 1342 dis
1300 1295 1388 1342 se1
1448 1297 1680 1342 manibus

189 1393 501 1444 consecrant,
522 1390 795 1449 statimque
820 1390 874 1432 in
899 1403 1010 1433 suas
1036 1390 1247 1449 quisque
1273 1386 1424 1433 aedes
1449 1390 1680 1449 regressi,

188 1483 257 1526 sic
282 1485 340 1525 ut
375 1482 427 1524 in
463 1479 649 1525 trabeis
676 1484 821 1525 erant
857 1485 910 1524 et
945 1478 1250 1541 amplissimo
1276 1478 1432 1536 cultu,
1457 1482 1511 1524 in
1535 1495 1679 1525 curu-

188 1570 319 1616 libus
344 1569 478 1616 sellis
504 1585 613 1615 sese
639 1576 989 1630 reposuerunt,
1017 1576 1092 1626 ut,
1118 1586 1232 1615 cum
1257 1573 1480 1616 venisset
1504 1569 1680 1627 hostis,

187 1665 241 1706 in
276 1677 364 1707 sua
399 1664 609 1723 quisque
652 1660 904 1722 dignitate
946 1667 1240 1707 moreretur.
1316 1660 1583 1707 Pontifices
1626 1668 1681 1708 et

189 1752 413 1798 flamines
432 1751 679 1814 quidquid
696 1751 1057 1814 religiosissimi
1072 1755 1124 1797 in
1141 1752 1345 1813 templis
1366 1759 1474 1800 erat
1498 1755 1681 1814 partim

190 1847 243 1889 in
284 1843 443 1889 doleis
481 1842 679 1889 defossa
714 1849 850 1889 terra
892 1843 1194 1901 recondunt,
1234 1846 1418 1904 partim
1465 1847 1682 1905 inposita

190 1935 422 1997 plaustris
456 1950 626 1980 secum
666 1934 812 1980 Veios
845 1933 1099 1983 auferunt.
1171 1934 1404 1996 Virgines
1435 1935 1581 1980 simul
1619 1951 1681 1982 ex

192 2026 471 2073 sacerdotio
508 2026 692 2072 Vestae
729 2025 865 2071 nudo
902 2026 1033 2087 pede
1069 2025 1319 2087 fugientia
1355 2042 1492 2072 sacra
1528 2011 1682 2073 comi-⁴

191 2124 377 2164 tantur.
451 2116 642 2163 Tamen
682 2120 937 2178 excepisse
977 2116 1222 2178 fugientis
1260 2133 1389 2162 unus
1428 2133 1489 2163 ex
1531 2117 1681 2179 plebe

193 2208 353 2255 fertur
373 2206 644 2265 Albinius,2
664 2211 750 2270 qui
770 2207 1012 2270 depositis
1030 2223 1183 2254 uxore
1201 2214 1254 2254 et
1274 2207 1442 2254 liberis
1460 2212 1680 2270 virgines

190 2303 243 2345 in
274 2299 553 2361 plaustrum
581 2302 787 2361 recepit.
861 2299 1007 2345 Adeo
1035 2305 1158 2345 tunc
1187 2314 1387 2361 quoque
1413 2302 1462 2344 in
1490 2299 1679 2347 ultimis

369 2445 382 2469 l

368 2499 383 2522 ²
412 2446 730 2540 ῗιὲἷγὲὶηξιῑυ.
756 2498 811 2540 V.
838 2499 916 2539 40:
947 2498 1126 2538 Atinius
1146 2500 1206 2539 B:
1239 2498 1428 2538 Albinus
1448 2499 1495 2540 L.

194 2591 252 2633 42
