<?xml version="1.0" encoding="UTF-8"?>
<!DOCTYPE html PUBLIC "-//W3C//DTD XHTML 1.0 Transitional//EN"
    "http://www.w3.org/TR/xhtml1/DTD/xhtml1-transitional.dtd">
<html xmlns="http://www.w3.org/1999/xhtml" xml:lang="en" lang="en">
 <head>
  <title>
</title>
<meta http-equiv="Content-Type" content="text/html;charset=utf-8" />
  <meta name='ocr-system' content='tesseract 3.04.00' />
  <meta name='ocr-capabilities' content='ocr_page ocr_carea ocr_par ocr_line ocrx_word'/>
</head>
<body>
  <div class='ocr_page' id='page_1' title='image "./lannaeifloriquae00floruoft_0666.png"; bbox 0 0 1802 2942; ppageno 0'>
   <div class='ocr_carea' id='block_1_1' title="bbox 640 132 1303 182">
    <p class='ocr_par' dir='ltr' id='par_1_1' title="bbox 640 132 1303 182">
     <span class='ocr_line' id='line_1_1' title="bbox 640 132 1303 182; baseline 0.003 -2"><span class='ocrx_word' id='word_1_1' title='bbox 640 132 1036 181; x_wconf 88' lang='lat' dir='ltr'>CORNELIUS</span> <span class='ocrx_word' id='word_1_2' title='bbox 1081 132 1303 182; x_wconf 90' lang='lat' dir='ltr'>NEPOS</span> 
     </span>
    </p>
   </div>
   <div class='ocr_carea' id='block_1_2' title="bbox 168 260 1714 2002">
    <p class='ocr_par' dir='ltr' id='par_1_2' title="bbox 168 260 1714 659">
     <span class='ocr_line' id='line_1_2' title="bbox 168 260 1713 326; baseline 0 -16"><span class='ocrx_word' id='word_1_3' title='bbox 168 271 195 310; x_wconf 86' lang='lat'><strong>5</strong></span> <span class='ocrx_word' id='word_1_4' title='bbox 219 262 352 309; x_wconf 91' lang='lat' dir='ltr'><strong>Puer</strong></span> <span class='ocrx_word' id='word_1_5' title='bbox 375 278 490 309; x_wconf 89' lang='lat' dir='ltr'><strong>cum</strong></span> <span class='ocrx_word' id='word_1_6' title='bbox 514 260 750 309; x_wconf 79' lang='lat' dir='ltr'><strong>celeriter</strong></span> <span class='ocrx_word' id='word_1_7' title='bbox 773 262 896 325; x_wconf 91' lang='lat' dir='ltr'><strong>quid</strong></span> <span class='ocrx_word' id='word_1_8' title='bbox 920 268 1058 309; x_wconf 89' lang='lat' dir='ltr'><strong>esset</strong></span> <span class='ocrx_word' id='word_1_9' title='bbox 1078 264 1425 309; x_wconf 78' lang='lat' dir='ltr'><strong>renuntiasset</strong></span> <span class='ocrx_word' id='word_1_10' title='bbox 1447 265 1713 326; x_wconf 89' lang='lat' dir='ltr'><strong>omnisque</strong></span> 
     </span>
     <span class='ocr_line' id='line_1_3' title="bbox 221 328 1712 390; baseline 0.001 -15"><span class='ocrx_word' id='word_1_11' title='bbox 221 332 388 376; x_wconf 84' lang='lat' dir='ltr'><strong>exitus</strong></span> <span class='ocrx_word' id='word_1_12' title='bbox 422 335 693 390; x_wconf 89' lang='lat' dir='ltr'><strong>occupatos</strong></span> <span class='ocrx_word' id='word_1_13' title='bbox 727 329 1054 385; x_wconf 73' lang='lat' dir='ltr'><strong>ostendisset,</strong></span> <span class='ocrx_word' id='word_1_14' title='bbox 1087 332 1247 376; x_wconf 81' lang='lat' dir='ltr'><strong>sensit.</strong></span> <span class='ocrx_word' id='word_1_15' title='bbox 1279 330 1333 377; x_wconf 90' lang='lat' dir='ltr'><strong>id</strong></span> <span class='ocrx_word' id='word_1_16' title='bbox 1365 346 1468 376; x_wconf 92' lang='lat' dir='ltr'><strong>non</strong></span> <span class='ocrx_word' id='word_1_17' title='bbox 1499 328 1712 377; x_wconf 89' lang='lat' dir='ltr'><strong>fortuito</strong></span> 
     </span>
     <span class='ocr_line' id='line_1_4' title="bbox 219 395 1712 459; baseline 0.001 -17"><span class='ocrx_word' id='word_1_18' title='bbox 219 395 431 451; x_wconf 89' lang='lat' dir='ltr'><strong>factum,</strong></span> <span class='ocrx_word' id='word_1_19' title='bbox 469 396 561 442; x_wconf 90' lang='lat' dir='ltr'><strong>sed</strong></span> <span class='ocrx_word' id='word_1_20' title='bbox 598 412 652 442; x_wconf 89' lang='lat' dir='ltr'><strong>se</strong></span> <span class='ocrx_word' id='word_1_21' title='bbox 690 398 800 458; x_wconf 89' lang='lat' dir='ltr'><strong>peti</strong></span> <span class='ocrx_word' id='word_1_22' title='bbox 836 412 1005 459; x_wconf 92' lang='lat' dir='ltr'><strong>neque</strong></span> <span class='ocrx_word' id='word_1_23' title='bbox 1043 396 1138 443; x_wconf 89' lang='lat' dir='ltr'><strong>sibi</strong></span> <span class='ocrx_word' id='word_1_24' title='bbox 1176 396 1366 443; x_wconf 92' lang='lat' dir='ltr'><strong>diutius</strong></span> <span class='ocrx_word' id='word_1_25' title='bbox 1403 399 1563 443; x_wconf 88' lang='lat' dir='ltr'><strong>vitam</strong></span> <span class='ocrx_word' id='word_1_26' title='bbox 1601 413 1712 445; x_wconf 92' lang='lat' dir='ltr'><strong>esse</strong></span> 
     </span>
     <span class='ocr_line' id='line_1_5' title="bbox 220 462 1712 521; baseline 0.001 -12"><span class='ocrx_word' id='word_1_27' title='bbox 220 463 559 509; x_wconf 84' lang='lat' dir='ltr'><strong>retinendam.</strong></span> <span class='ocrx_word' id='word_1_28' title='bbox 628 462 797 521; x_wconf 84' lang='lat' dir='ltr'><strong>Quam</strong></span> <span class='ocrx_word' id='word_1_29' title='bbox 831 479 896 509; x_wconf 92' lang='lat' dir='ltr'><strong>ne</strong></span> <span class='ocrx_word' id='word_1_30' title='bbox 932 463 1097 510; x_wconf 91' lang='lat' dir='ltr'><strong>alieno</strong></span> <span class='ocrx_word' id='word_1_31' title='bbox 1149 464 1357 510; x_wconf 89' lang='lat' dir='ltr'><strong>arbitrio</strong></span> <span class='ocrx_word' id='word_1_32' title='bbox 1407 463 1712 520; x_wconf 87' lang='lat' dir='ltr'><strong>dimitteret,</strong></span> 
     </span>
     <span class='ocr_line' id='line_1_6' title="bbox 220 531 1714 594; baseline 0.002 -19"><span class='ocrx_word' id='word_1_33' title='bbox 220 547 415 576; x_wconf 90' lang='lat' dir='ltr'><strong>memor</strong></span> <span class='ocrx_word' id='word_1_34' title='bbox 435 532 763 592; x_wconf 89' lang='lat' dir='ltr'><strong>pristinarum</strong></span> <span class='ocrx_word' id='word_1_35' title='bbox 786 533 1051 585; x_wconf 87' lang='lat' dir='ltr'><strong>virtutum,</strong></span> <span class='ocrx_word' id='word_1_36' title='bbox 1074 546 1329 577; x_wconf 88' lang='lat' dir='ltr'><strong>venenum</strong></span> <span class='ocrx_word' id='word_1_37' title='bbox 1353 531 1491 594; x_wconf 91' lang='lat' dir='ltr'><strong>quod</strong></span> <span class='ocrx_word' id='word_1_38' title='bbox 1511 547 1714 594; x_wconf 87' lang='lat' dir='ltr'><strong>semper</strong></span> 
     </span>
     <span class='ocr_line' id='line_1_7' title="bbox 222 596 1164 659; baseline -0.001 -15"><span class='ocrx_word' id='word_1_39' title='bbox 222 613 394 644; x_wconf 88' lang='lat' dir='ltr'><strong>secum</strong></span> <span class='ocrx_word' id='word_1_40' title='bbox 419 596 610 643; x_wconf 89' lang='lat' dir='ltr'><strong>habere</strong></span> <span class='ocrx_word' id='word_1_41' title='bbox 637 604 907 643; x_wconf 90' lang='lat' dir='ltr'><strong>consuerat</strong></span> <span class='ocrx_word' id='word_1_42' title='bbox 932 600 1164 659; x_wconf 89' lang='lat' dir='ltr'><strong>sumpsit.</strong></span> 
     </span>
    </p>

    <p class='ocr_par' dir='ltr' id='par_1_3' title="bbox 218 661 1714 1130">
     <span class='ocr_line' id='line_1_8' title="bbox 284 661 1713 727; baseline 0.001 -16"><span class='ocrx_word' id='word_1_43' title='bbox 284 661 365 713; x_wconf 83' lang='lat'><strong>13.</strong></span> <span class='ocrx_word' id='word_1_44' title='bbox 399 663 479 710; x_wconf 93' lang='lat' dir='ltr'><strong>Sic</strong></span> <span class='ocrx_word' id='word_1_45' title='bbox 504 667 578 710; x_wconf 87' lang='lat' dir='ltr'><strong>vir</strong></span> <span class='ocrx_word' id='word_1_46' title='bbox 598 662 920 719; x_wconf 88' lang='lat' dir='ltr'><strong>fortissimus,</strong></span> <span class='ocrx_word' id='word_1_47' title='bbox 942 663 1115 711; x_wconf 90' lang='lat' dir='ltr'><strong>multis</strong></span> <span class='ocrx_word' id='word_1_48' title='bbox 1139 667 1391 727; x_wconf 86' lang='lat' dir='ltr'><strong>variisque</strong></span> <span class='ocrx_word' id='word_1_49' title='bbox 1413 663 1713 727; x_wconf 80' lang='lat' dir='ltr'><strong>perfunctus</strong></span> 
     </span>
     <span class='ocr_line' id='line_1_9' title="bbox 219 731 1713 794; baseline 0.001 -17"><span class='ocrx_word' id='word_1_50' title='bbox 219 731 493 786; x_wconf 84' lang='lat' dir='ltr'><strong>laboribus,</strong></span> <span class='ocrx_word' id='word_1_51' title='bbox 549 748 681 777; x_wconf 87' lang='lat' dir='ltr'><strong>anno</strong></span> <span class='ocrx_word' id='word_1_52' title='bbox 739 732 1000 793; x_wconf 88' lang='lat' dir='ltr'><strong>adquievit</strong></span> <span class='ocrx_word' id='word_1_53' title='bbox 1053 734 1448 794; x_wconf 88' lang='lat' dir='ltr'><strong>septuagesimo.</strong></span> <span class='ocrx_word' id='word_1_54' title='bbox 1516 731 1713 790; x_wconf 81' lang='lat' dir='ltr'><strong>Quibus</strong></span> 
     </span>
     <span class='ocr_line' id='line_1_10' title="bbox 218 798 1713 861; baseline 0 -16"><span class='ocrx_word' id='word_1_55' title='bbox 218 798 506 845; x_wconf 85' lang='lat' dir='ltr'><strong>consulibus</strong></span> <span class='ocrx_word' id='word_1_56' title='bbox 528 800 783 844; x_wconf 87' lang='lat' dir='ltr'><strong>interierit</strong></span> <span class='ocrx_word' id='word_1_57' title='bbox 805 815 907 844; x_wconf 92' lang='lat' dir='ltr'><strong>non</strong></span> <span class='ocrx_word' id='word_1_58' title='bbox 929 802 1182 845; x_wconf 88' lang='lat' dir='ltr'><strong>convenit.</strong></span> <span class='ocrx_word' id='word_1_59' title='bbox 1250 798 1485 861; x_wconf 86' lang='lat' dir='ltr'><strong>Namque</strong></span> <span class='ocrx_word' id='word_1_60' title='bbox 1507 799 1713 846; x_wconf 86' lang='lat' dir='ltr'><strong>Atticus</strong></span> 
     </span>
     <span class='ocr_line' id='line_1_11' title="bbox 224 864 1713 923; baseline 0.001 -12"><span class='ocrx_word' id='word_1_61' title='bbox 224 865 298 911; x_wconf 92' lang='lat' dir='ltr'><strong>M.</strong></span> <span class='ocrx_word' id='word_1_62' title='bbox 335 865 545 911; x_wconf 91' lang='lat' dir='ltr'><strong>Claudio</strong></span> <span class='ocrx_word' id='word_1_63' title='bbox 582 864 827 911; x_wconf 82' lang='lat' dir='ltr'><strong>Marcello</strong></span> <span class='ocrx_word' id='word_1_64' title='bbox 861 865 922 923; x_wconf 81' lang='lat' dir='ltr'><strong>Q.</strong></span> <span class='ocrx_word' id='word_1_65' title='bbox 959 865 1116 911; x_wconf 88' lang='lat' dir='ltr'><strong>Fabio</strong></span> <span class='ocrx_word' id='word_1_66' title='bbox 1151 864 1394 912; x_wconf 91' lang='lat' dir='ltr'><strong>Labeone</strong></span> <span class='ocrx_word' id='word_1_67' title='bbox 1425 866 1713 913; x_wconf 88' lang='lat' dir='ltr'><strong>consulibus</strong></span> 
     </span>
     <span class='ocr_line' id='line_1_12' title="bbox 219 932 1713 996; baseline 0.001 -17"><span class='ocrx_word' id='word_1_68' title='bbox 219 940 478 979; x_wconf 85' lang='lat' dir='ltr'><strong>mortuum</strong></span> <span class='ocrx_word' id='word_1_69' title='bbox 501 936 553 977; x_wconf 89' lang='lat' dir='ltr'><strong>in</strong></span> <span class='ocrx_word' id='word_1_70' title='bbox 576 932 763 977; x_wconf 83' lang='lat' dir='ltr'><strong>Annali</strong></span> <span class='ocrx_word' id='word_1_71' title='bbox 785 949 875 978; x_wconf 91' lang='lat' dir='ltr'><strong>suo</strong></span> <span class='ocrx_word' id='word_1_72' title='bbox 895 935 1139 994; x_wconf 90' lang='lat' dir='ltr'><strong>scriptum</strong></span> <span class='ocrx_word' id='word_1_73' title='bbox 1156 932 1380 995; x_wconf 89' lang='lat' dir='ltr'><strong>reliquit,</strong></span> <span class='ocrx_word' id='word_1_74' title='bbox 1400 940 1454 980; x_wconf 91' lang='lat' dir='ltr'><strong>at</strong></span> <span class='ocrx_word' id='word_1_75' title='bbox 1473 932 1713 996; x_wconf 83' lang='lat' dir='ltr'><strong>Polybius</strong></span> 
     </span>
     <span class='ocr_line' id='line_1_13' title="bbox 223 998 1712 1062; baseline 0.001 -16"><span class='ocrx_word' id='word_1_76' title='bbox 223 999 280 1046; x_wconf 90' lang='lat' dir='ltr'><strong>L.</strong></span> <span class='ocrx_word' id='word_1_77' title='bbox 322 999 541 1045; x_wconf 89' lang='lat' dir='ltr'><strong>Aemilio</strong></span> <span class='ocrx_word' id='word_1_78' title='bbox 581 998 739 1045; x_wconf 91' lang='lat' dir='ltr'><strong>Paulo</strong></span> <span class='ocrx_word' id='word_1_79' title='bbox 780 999 870 1045; x_wconf 87' lang='lat' dir='ltr'><strong>Cn.</strong></span> <span class='ocrx_word' id='word_1_80' title='bbox 911 999 1102 1046; x_wconf 88' lang='lat' dir='ltr'><strong>Baebio</strong></span> <span class='ocrx_word' id='word_1_81' title='bbox 1142 999 1425 1062; x_wconf 88' lang='lat' dir='ltr'><strong>Tamphilo,</strong></span> <span class='ocrx_word' id='word_1_82' title='bbox 1465 998 1712 1062; x_wconf 87' lang='lat' dir='ltr'><strong>Sulpicius</strong></span> 
     </span>
     <span class='ocr_line' id='line_1_14' title="bbox 222 1065 1714 1130; baseline 0 -17"><span class='ocrx_word' id='word_1_83' title='bbox 222 1074 397 1113; x_wconf 85' lang='lat' dir='ltr'><strong>autem</strong></span> <span class='ocrx_word' id='word_1_84' title='bbox 424 1065 595 1113; x_wconf 87' lang='lat' dir='ltr'><strong>Blitho</strong></span> <span class='ocrx_word' id='word_1_85' title='bbox 626 1065 680 1112; x_wconf 92' lang='lat' dir='ltr'><strong>P.</strong></span> <span class='ocrx_word' id='word_1_86' title='bbox 714 1065 945 1112; x_wconf 88' lang='lat' dir='ltr'><strong>Cornelio</strong></span> <span class='ocrx_word' id='word_1_87' title='bbox 976 1065 1208 1130; x_wconf 83' lang='lat' dir='ltr'><strong>Cethego</strong></span> <span class='ocrx_word' id='word_1_88' title='bbox 1240 1066 1314 1113; x_wconf 90' lang='lat' dir='ltr'><strong>M.</strong></span> <span class='ocrx_word' id='word_1_89' title='bbox 1345 1066 1536 1113; x_wconf 88' lang='lat' dir='ltr'><strong>Baebio</strong></span> <span class='ocrx_word' id='word_1_90' title='bbox 1565 1067 1714 1113; x_wconf 91' lang='lat' dir='ltr'><strong>Tam-</strong></span> 
     </span>
    </p>

    <p class='ocr_par' dir='ltr' id='par_1_4' title="bbox 168 1132 1714 1398">
     <span class='ocr_line' id='line_1_15' title="bbox 168 1132 1713 1196; baseline 0.003 -20"><span class='ocrx_word' id='word_1_91' title='bbox 168 1138 195 1176; x_wconf 83' lang='lat'><strong>2</strong></span> <span class='ocrx_word' id='word_1_92' title='bbox 217 1133 371 1196; x_wconf 90' lang='lat' dir='ltr'><strong>philo.</strong></span> <span class='ocrx_word' id='word_1_93' title='bbox 438 1134 614 1196; x_wconf 85' lang='lat' dir='ltr'><strong>Atque</strong></span> <span class='ocrx_word' id='word_1_94' title='bbox 632 1132 712 1179; x_wconf 92' lang='lat' dir='ltr'><strong>hic</strong></span> <span class='ocrx_word' id='word_1_95' title='bbox 729 1140 905 1179; x_wconf 80' lang='lat' dir='ltr'><strong>tantus</strong></span> <span class='ocrx_word' id='word_1_96' title='bbox 924 1136 997 1179; x_wconf 82' lang='lat' dir='ltr'><strong>vir</strong></span> <span class='ocrx_word' id='word_1_97' title='bbox 1013 1137 1275 1196; x_wconf 81' lang='lat' dir='ltr'><strong>tant-isque</strong></span> <span class='ocrx_word' id='word_1_98' title='bbox 1291 1133 1437 1180; x_wconf 90' lang='lat' dir='ltr'><strong>bellis</strong></span> <span class='ocrx_word' id='word_1_99' title='bbox 1455 1134 1713 1181; x_wconf 87' lang='lat' dir='ltr'><strong>districtus</strong></span> 
     </span>
     <span class='ocr_line' id='line_1_16' title="bbox 220 1199 1714 1264; baseline 0.001 -17"><span class='ocrx_word' id='word_1_100' title='bbox 220 1218 322 1247; x_wconf 93' lang='lat' dir='ltr'><strong>non</strong></span> <span class='ocrx_word' id='word_1_101' title='bbox 351 1199 475 1246; x_wconf 90' lang='lat' dir='ltr'><strong>nihil</strong></span> <span class='ocrx_word' id='word_1_102' title='bbox 503 1203 747 1262; x_wconf 89' lang='lat' dir='ltr'><strong>temporis</strong></span> <span class='ocrx_word' id='word_1_103' title='bbox 776 1201 958 1247; x_wconf 86' lang='lat' dir='ltr'><strong>tribuit</strong></span> <span class='ocrx_word' id='word_1_104' title='bbox 985 1200 1186 1247; x_wconf 89' lang='lat' dir='ltr'><strong>litteris.</strong></span> <span class='ocrx_word' id='word_1_105' title='bbox 1254 1200 1489 1263; x_wconf 92' lang='lat' dir='ltr'><strong>Namque</strong></span> <span class='ocrx_word' id='word_1_106' title='bbox 1519 1201 1714 1264; x_wconf 87' lang='lat' dir='ltr'><strong>aliquot</strong></span> 
     </span>
     <span class='ocr_line' id='line_1_17' title="bbox 221 1266 1714 1324; baseline 0.001 -10"><span class='ocrx_word' id='word_1_107' title='bbox 221 1271 328 1314; x_wconf 91' lang='lat' dir='ltr'><strong>eius</strong></span> <span class='ocrx_word' id='word_1_108' title='bbox 364 1267 478 1314; x_wconf 87' lang='lat' dir='ltr'><strong>libri</strong></span> <span class='ocrx_word' id='word_1_109' title='bbox 514 1275 652 1323; x_wconf 89' lang='lat' dir='ltr'><strong>sunt,</strong></span> <span class='ocrx_word' id='word_1_110' title='bbox 690 1267 885 1313; x_wconf 91' lang='lat' dir='ltr'><strong>Graeco</strong></span> <span class='ocrx_word' id='word_1_111' title='bbox 922 1283 1154 1314; x_wconf 91' lang='lat' dir='ltr'><strong>sermone</strong></span> <span class='ocrx_word' id='word_1_112' title='bbox 1190 1266 1428 1324; x_wconf 88' lang='lat' dir='ltr'><strong>confecti,</strong></span> <span class='ocrx_word' id='word_1_113' title='bbox 1463 1270 1516 1314; x_wconf 94' lang='lat' dir='ltr'><strong>in</strong></span> <span class='ocrx_word' id='word_1_114' title='bbox 1549 1271 1610 1315; x_wconf 89' lang='lat' dir='ltr'><strong>iis</strong></span> <span class='ocrx_word' id='word_1_115' title='bbox 1647 1268 1714 1316; x_wconf 89' lang='lat' dir='ltr'><strong>ad</strong></span> 
     </span>
     <span class='ocr_line' id='line_1_18' title="bbox 221 1334 1711 1398; baseline 0.001 -18"><span class='ocrx_word' id='word_1_116' title='bbox 221 1334 442 1382; x_wconf 85' lang='lat' dir='ltr'><strong>Rhodios</strong></span> <span class='ocrx_word' id='word_1_117' title='bbox 468 1334 532 1381; x_wconf 91' lang='lat' dir='ltr'><strong>de</strong></span> <span class='ocrx_word' id='word_1_118' title='bbox 559 1334 649 1380; x_wconf 89' lang='lat' dir='ltr'><strong>Cn.</strong></span> <span class='ocrx_word' id='word_1_119' title='bbox 679 1334 860 1380; x_wconf 87' lang='lat' dir='ltr'><strong>Manlii</strong></span> <span class='ocrx_word' id='word_1_120' title='bbox 883 1334 1113 1381; x_wconf 86' lang='lat' dir='ltr'><strong>Volsonis</strong></span> <span class='ocrx_word' id='word_1_121' title='bbox 1137 1337 1191 1380; x_wconf 91' lang='lat' dir='ltr'><strong>in</strong></span> <span class='ocrx_word' id='word_1_122' title='bbox 1214 1335 1337 1381; x_wconf 92' lang='lat' dir='ltr'><strong>Asia</strong></span> <span class='ocrx_word' id='word_1_123' title='bbox 1360 1336 1511 1382; x_wconf 90' lang='lat' dir='ltr'><strong>rebus</strong></span> <span class='ocrx_word' id='word_1_124' title='bbox 1535 1339 1711 1398; x_wconf 88' lang='lat' dir='ltr'><strong>gestis.</strong></span> 
     </span>
    </p>

    <p class='ocr_par' dir='ltr' id='par_1_5' title="bbox 168 1400 1714 1717">
     <span class='ocr_line' id='line_1_19' title="bbox 168 1400 1714 1465; baseline 0 -17"><span class='ocrx_word' id='word_1_125' title='bbox 168 1409 193 1448; x_wconf 86' lang='lat'><strong>3</strong></span> <span class='ocrx_word' id='word_1_126' title='bbox 218 1401 382 1448; x_wconf 90' lang='lat' dir='ltr'><strong>Huius</strong></span> <span class='ocrx_word' id='word_1_127' title='bbox 414 1401 536 1448; x_wconf 90' lang='lat' dir='ltr'><strong>belli</strong></span> <span class='ocrx_word' id='word_1_128' title='bbox 568 1408 717 1465; x_wconf 83' lang='lat' dir='ltr'><strong>gesta</strong></span> <span class='ocrx_word' id='word_1_129' title='bbox 748 1401 897 1448; x_wconf 90' lang='lat' dir='ltr'><strong>multi</strong></span> <span class='ocrx_word' id='word_1_130' title='bbox 928 1405 1204 1448; x_wconf 90' lang='lat' dir='ltr'><strong>memoriae</strong></span> <span class='ocrx_word' id='word_1_131' title='bbox 1237 1402 1589 1464; x_wconf 84' lang='lat' dir='ltr'><strong>prodiderunt,</strong></span> <span class='ocrx_word' id='word_1_132' title='bbox 1622 1400 1714 1450; x_wconf 90' lang='lat' dir='ltr'><strong>sed</strong></span> 
     </span>
     <span class='ocr_line' id='line_1_20' title="bbox 223 1468 1712 1533; baseline 0 -17"><span class='ocrx_word' id='word_1_133' title='bbox 223 1485 286 1516; x_wconf 83' lang='lat' dir='ltr'><strong>ex</strong></span> <span class='ocrx_word' id='word_1_134' title='bbox 319 1472 378 1515; x_wconf 91' lang='lat' dir='ltr'><strong>iis</strong></span> <span class='ocrx_word' id='word_1_135' title='bbox 413 1469 530 1524; x_wconf 92' lang='lat' dir='ltr'><strong>duo,</strong></span> <span class='ocrx_word' id='word_1_136' title='bbox 565 1471 651 1531; x_wconf 90' lang='lat' dir='ltr'><strong>qui</strong></span> <span class='ocrx_word' id='word_1_137' title='bbox 685 1486 800 1515; x_wconf 93' lang='lat' dir='ltr'><strong>cum</strong></span> <span class='ocrx_word' id='word_1_138' title='bbox 835 1485 894 1515; x_wconf 91' lang='lat' dir='ltr'><strong>eo</strong></span> <span class='ocrx_word' id='word_1_139' title='bbox 927 1471 980 1514; x_wconf 93' lang='lat' dir='ltr'><strong>in</strong></span> <span class='ocrx_word' id='word_1_140' title='bbox 1012 1472 1188 1515; x_wconf 87' lang='lat' dir='ltr'><strong>castris</strong></span> <span class='ocrx_word' id='word_1_141' title='bbox 1221 1468 1430 1515; x_wconf 88' lang='lat' dir='ltr'><strong>fuerunt</strong></span> <span class='ocrx_word' id='word_1_142' title='bbox 1462 1468 1712 1533; x_wconf 90' lang='lat' dir='ltr'><strong>simulque</strong></span> 
     </span>
     <span class='ocr_line' id='line_1_21' title="bbox 220 1534 1713 1598; baseline 0.001 -16"><span class='ocrx_word' id='word_1_143' title='bbox 220 1539 475 1591; x_wconf 78' lang='lat' dir='ltr'><strong>vixerunt,</strong></span> <span class='ocrx_word' id='word_1_144' title='bbox 518 1552 671 1598; x_wconf 91' lang='lat' dir='ltr'><strong>quam</strong></span> <span class='ocrx_word' id='word_1_145' title='bbox 714 1536 801 1582; x_wconf 91' lang='lat' dir='ltr'><strong>diu</strong></span> <span class='ocrx_word' id='word_1_146' title='bbox 841 1534 1048 1582; x_wconf 89' lang='lat' dir='ltr'><strong>fortuna</strong></span> <span class='ocrx_word' id='word_1_147' title='bbox 1088 1552 1238 1598; x_wconf 91' lang='lat' dir='ltr'><strong>passa</strong></span> <span class='ocrx_word' id='word_1_148' title='bbox 1280 1543 1376 1591; x_wconf 89' lang='lat' dir='ltr'><strong>est,</strong></span> <span class='ocrx_word' id='word_1_149' title='bbox 1418 1535 1615 1583; x_wconf 91' lang='lat' dir='ltr'><strong>Silenus</strong></span> <span class='ocrx_word' id='word_1_150' title='bbox 1659 1544 1713 1583; x_wconf 89' lang='lat' dir='ltr'><strong>et</strong></span> 
     </span>
     <span class='ocr_line' id='line_1_22' title="bbox 220 1602 1714 1667; baseline 0.001 -17"><span class='ocrx_word' id='word_1_151' title='bbox 220 1602 423 1666; x_wconf 81' lang='lat' dir='ltr'><strong>Sosylus</strong></span> <span class='ocrx_word' id='word_1_152' title='bbox 442 1603 893 1650; x_wconf 86' lang='lat' dir='ltr'><strong>Lacedaemonius.</strong></span> <span class='ocrx_word' id='word_1_153' title='bbox 960 1603 1135 1665; x_wconf 91' lang='lat' dir='ltr'><strong>Atque</strong></span> <span class='ocrx_word' id='word_1_154' title='bbox 1151 1602 1246 1649; x_wconf 94' lang='lat' dir='ltr'><strong>hoc</strong></span> <span class='ocrx_word' id='word_1_155' title='bbox 1263 1602 1438 1667; x_wconf 88' lang='lat' dir='ltr'><strong>Sosylo</strong></span> <span class='ocrx_word' id='word_1_156' title='bbox 1455 1603 1714 1651; x_wconf 84' lang='lat' dir='ltr'><strong>Hannibal</strong></span> 
     </span>
     <span class='ocr_line' id='line_1_23' title="bbox 218 1670 1352 1717; baseline 0 -1"><span class='ocrx_word' id='word_1_157' title='bbox 218 1670 507 1717; x_wconf 88' lang='lat' dir='ltr'><strong>litterarum</strong></span> <span class='ocrx_word' id='word_1_158' title='bbox 537 1670 847 1717; x_wconf 86' lang='lat' dir='ltr'><strong>Graecarum</strong></span> <span class='ocrx_word' id='word_1_159' title='bbox 875 1687 993 1716; x_wconf 90' lang='lat' dir='ltr'><strong>usus</strong></span> <span class='ocrx_word' id='word_1_160' title='bbox 1023 1677 1101 1716; x_wconf 89' lang='lat' dir='ltr'><strong>est</strong></span> <span class='ocrx_word' id='word_1_161' title='bbox 1129 1671 1352 1717; x_wconf 89' lang='lat' dir='ltr'><strong>doctore.</strong></span> 
     </span>
    </p>

    <p class='ocr_par' dir='ltr' id='par_1_6' title="bbox 168 1736 1713 2002">
     <span class='ocr_line' id='line_1_24' title="bbox 168 1736 1713 1799; baseline 0.003 -18"><span class='ocrx_word' id='word_1_162' title='bbox 168 1743 196 1781; x_wconf 91' lang='lat'>4</span> <span class='ocrx_word' id='word_1_163' title='bbox 283 1737 384 1784; x_wconf 90' lang='lat' dir='ltr'><strong>Sed</strong></span> <span class='ocrx_word' id='word_1_164' title='bbox 423 1754 512 1783; x_wconf 92' lang='lat' dir='ltr'><strong>nos</strong></span> <span class='ocrx_word' id='word_1_165' title='bbox 552 1745 756 1799; x_wconf 89' lang='lat' dir='ltr'><strong>tempus</strong></span> <span class='ocrx_word' id='word_1_166' title='bbox 798 1744 877 1784; x_wconf 89' lang='lat' dir='ltr'><strong>est</strong></span> <span class='ocrx_word' id='word_1_167' title='bbox 914 1736 1062 1784; x_wconf 90' lang='lat' dir='ltr'><strong>huius</strong></span> <span class='ocrx_word' id='word_1_168' title='bbox 1101 1737 1216 1783; x_wconf 88' lang='lat' dir='ltr'><strong>libri</strong></span> <span class='ocrx_word' id='word_1_169' title='bbox 1254 1736 1423 1784; x_wconf 88' lang='lat' dir='ltr'><strong>facere</strong></span> <span class='ocrx_word' id='word_1_170' title='bbox 1463 1736 1617 1784; x_wconf 89' lang='lat' dir='ltr'><strong>finem</strong></span> <span class='ocrx_word' id='word_1_171' title='bbox 1657 1744 1713 1785; x_wconf 88' lang='lat' dir='ltr'><strong>et</strong></span> 
     </span>
     <span class='ocr_line' id='line_1_25' title="bbox 219 1803 1713 1866; baseline 0.001 -16"><span class='ocrx_word' id='word_1_172' title='bbox 219 1804 563 1850; x_wconf 87' lang='lat' dir='ltr'><strong>Romanorum</strong></span> <span class='ocrx_word' id='word_1_173' title='bbox 622 1804 875 1866; x_wconf 84' lang='lat' dir='ltr'><strong>explicare</strong></span> <span class='ocrx_word' id='word_1_174' title='bbox 931 1807 1283 1866; x_wconf 89' lang='lat' dir='ltr'><strong>imperatores,</strong></span> <span class='ocrx_word' id='word_1_175' title='bbox 1342 1820 1442 1866; x_wconf 94' lang='lat' dir='ltr'><strong>quo</strong></span> <span class='ocrx_word' id='word_1_176' title='bbox 1499 1803 1713 1861; x_wconf 88' lang='lat' dir='ltr'><strong>facilius,</strong></span> 
     </span>
     <span class='ocr_line' id='line_1_26' title="bbox 218 1869 1712 1934; baseline 0.001 -16"><span class='ocrx_word' id='word_1_177' title='bbox 218 1871 413 1918; x_wconf 86' lang='lat' dir='ltr'><strong>collatis</strong></span> <span class='ocrx_word' id='word_1_178' title='bbox 448 1879 780 1934; x_wconf 82' lang='lat' dir='ltr'><strong>utrorumque</strong></span> <span class='ocrx_word' id='word_1_179' title='bbox 813 1870 979 1927; x_wconf 81' lang='lat' dir='ltr'><strong>factis,</strong></span> <span class='ocrx_word' id='word_1_180' title='bbox 1013 1874 1100 1934; x_wconf 89' lang='lat' dir='ltr'><strong>qui</strong></span> <span class='ocrx_word' id='word_1_181' title='bbox 1132 1874 1223 1917; x_wconf 86' lang='lat' dir='ltr'><strong>viri</strong></span> <span class='ocrx_word' id='word_1_182' title='bbox 1255 1869 1578 1934; x_wconf 87' lang='lat' dir='ltr'><strong>praeferendi</strong></span> <span class='ocrx_word' id='word_1_183' title='bbox 1610 1875 1712 1919; x_wconf 87' lang='lat' dir='ltr'><strong>sint</strong></span> 
     </span>
     <span class='ocr_line' id='line_1_27' title="bbox 219 1938 659 2002; baseline -0.002 -17"><span class='ocrx_word' id='word_1_184' title='bbox 219 1942 380 2002; x_wconf 89' lang='lat' dir='ltr'><strong>possit</strong></span> <span class='ocrx_word' id='word_1_185' title='bbox 408 1938 659 1985; x_wconf 84' lang='lat' dir='ltr'><strong>iudicari.l</strong></span> 
     </span>
    </p>
   </div>
   <div class='ocr_carea' id='block_1_3' title="bbox 226 2042 1710 2149">
    <p class='ocr_par' dir='ltr' id='par_1_7' title="bbox 226 2042 1710 2149">
     <span class='ocr_line' id='line_1_28' title="bbox 283 2042 1710 2095; baseline 0.002 -13"><span class='ocrx_word' id='word_1_186' title='bbox 283 2043 298 2068; x_wconf 86' lang='lat'>1</span> <span class='ocrx_word' id='word_1_187' title='bbox 329 2043 415 2082; x_wconf 89' lang='lat' dir='ltr'><strong>For</strong></span> <span class='ocrx_word' id='word_1_188' title='bbox 442 2042 506 2082; x_wconf 79' lang='lat' dir='ltr'><strong>the</strong></span> <span class='ocrx_word' id='word_1_189' title='bbox 532 2056 664 2082; x_wconf 68' lang='lat' dir='ltr'><strong>verses</strong></span> <span class='ocrx_word' id='word_1_190' title='bbox 685 2042 822 2082; x_wconf 79' lang='lat' dir='ltr'><strong>added</strong></span> <span class='ocrx_word' id='word_1_191' title='bbox 848 2043 896 2082; x_wconf 78' lang='lat' dir='ltr'><strong>in</strong></span> <span class='ocrx_word' id='word_1_192' title='bbox 923 2043 959 2083; x_wconf 83' lang='lat' dir='ltr'><em>A</em></span> <span class='ocrx_word' id='word_1_193' title='bbox 980 2042 1019 2082; x_wconf 92' lang='lat' dir='ltr'><em>P</em></span> <span class='ocrx_word' id='word_1_194' title='bbox 1047 2042 1133 2082; x_wconf 81' lang='lat' dir='ltr'><strong>and</strong></span> <span class='ocrx_word' id='word_1_195' title='bbox 1164 2056 1191 2082; x_wconf 86' lang='lat' dir='ltr'><strong>a</strong></span> <span class='ocrx_word' id='word_1_196' title='bbox 1215 2043 1300 2095; x_wconf 83' lang='lat' dir='ltr'><strong>few</strong></span> <span class='ocrx_word' id='word_1_197' title='bbox 1333 2042 1444 2082; x_wconf 79' lang='lat' dir='ltr'><strong>other</strong></span> <span class='ocrx_word' id='word_1_198' title='bbox 1477 2043 1614 2084; x_wconf 76' lang='lat' dir='ltr'><strong><em>MSS.</em></strong></span> <span class='ocrx_word' id='word_1_199' title='bbox 1647 2057 1710 2085; x_wconf 74' lang='lat' dir='ltr'><strong>see</strong></span> 
     </span>
     <span class='ocr_line' id='line_1_29' title="bbox 226 2096 647 2149; baseline 0 -12"><span class='ocrx_word' id='word_1_200' title='bbox 226 2096 403 2143; x_wconf 66' lang='lat' dir='ltr'><strong>Introd„</strong></span> <span class='ocrx_word' id='word_1_201' title='bbox 422 2110 500 2148; x_wconf 78' lang='lat' dir='ltr'><strong>pp.</strong></span> <span class='ocrx_word' id='word_1_202' title='bbox 522 2100 602 2139; x_wconf 87' lang='lat'><strong>359</strong></span> <span class='ocrx_word' id='word_1_203' title='bbox 608 2097 647 2149; x_wconf 86' lang='lat' dir='ltr'><strong>f.</strong></span> 
     </span>
    </p>
   </div>
   <div class='ocr_carea' id='block_1_4' title="bbox 224 2224 1713 2481">
    <p class='ocr_par' dir='ltr' id='par_1_8' title="bbox 224 2224 1713 2331">
     <span class='ocr_line' id='line_1_30' title="bbox 283 2224 1713 2277; baseline 0 -12"><span class='ocrx_word' id='word_1_204' title='bbox 283 2226 299 2251; x_wconf 82' lang='lat'>²</span> <span class='ocrx_word' id='word_1_205' title='bbox 328 2225 382 2265; x_wconf 91' lang='lat' dir='ltr'><strong>In</strong></span> <span class='ocrx_word' id='word_1_206' title='bbox 405 2239 432 2265; x_wconf 85' lang='lat' dir='ltr'><strong>a</strong></span> <span class='ocrx_word' id='word_1_207' title='bbox 455 2225 572 2277; x_wconf 85' lang='lat' dir='ltr'><strong>ring;</strong></span> <span class='ocrx_word' id='word_1_208' title='bbox 604 2226 659 2265; x_wconf 82' lang='lat' dir='ltr'><strong>cf.</strong></span> <span class='ocrx_word' id='word_1_209' title='bbox 684 2225 874 2266; x_wconf 84' lang='lat' dir='ltr'><strong>Juvenal</strong></span> <span class='ocrx_word' id='word_1_210' title='bbox 899 2238 940 2264; x_wconf 87' lang='lat' dir='ltr'><strong>x.</strong></span> <span class='ocrx_word' id='word_1_211' title='bbox 970 2226 1063 2272; x_wconf 85' lang='lat'><strong>164,</strong></span> <span class='ocrx_word' id='word_1_212' title='bbox 1087 2225 1164 2265; x_wconf 87' lang='lat' dir='ltr'><strong>sed</strong></span> <span class='ocrx_word' id='word_1_213' title='bbox 1185 2225 1257 2265; x_wconf 85' lang='lat' dir='ltr'><strong>isse</strong></span> <span class='ocrx_word' id='word_1_214' title='bbox 1280 2224 1527 2265; x_wconf 81' lang='lat' dir='ltr'><strong>Cannarum</strong></span> <span class='ocrx_word' id='word_1_215' title='bbox 1551 2225 1713 2265; x_wconf 86' lang='lat' dir='ltr'><strong>vindex</strong></span> 
     </span>
     <span class='ocr_line' id='line_1_31' title="bbox 224 2279 1017 2331; baseline -0.001 -12"><span class='ocrx_word' id='word_1_216' title='bbox 224 2292 275 2320; x_wconf 80' lang='lat' dir='ltr'><strong>ac</strong></span> <span class='ocrx_word' id='word_1_217' title='bbox 302 2280 418 2319; x_wconf 77' lang='lat' dir='ltr'><strong>tanti</strong></span> <span class='ocrx_word' id='word_1_218' title='bbox 444 2280 665 2331; x_wconf 83' lang='lat' dir='ltr'><strong>sanguinis</strong></span> <span class='ocrx_word' id='word_1_219' title='bbox 692 2279 820 2325; x_wconf 82' lang='lat' dir='ltr'><strong>ultor,</strong></span> <span class='ocrx_word' id='word_1_220' title='bbox 849 2279 1017 2318; x_wconf 87' lang='lat' dir='ltr'><strong>anulus.</strong></span> 
     </span>
    </p>

    <p class='ocr_par' dir='ltr' id='par_1_9' title="bbox 280 2332 1459 2384">
     <span class='ocr_line' id='line_1_32' title="bbox 280 2332 1459 2384; baseline 0.001 -12"><span class='ocrx_word' id='word_1_221' title='bbox 280 2334 296 2357; x_wconf 88' lang='lat'><strong>²</strong></span> <span class='ocrx_word' id='word_1_222' title='bbox 326 2333 379 2372; x_wconf 93' lang='lat' dir='ltr'><strong>In</strong></span> <span class='ocrx_word' id='word_1_223' title='bbox 401 2335 478 2373; x_wconf 89' lang='lat'><strong>183</strong></span> <span class='ocrx_word' id='word_1_224' title='bbox 500 2344 584 2372; x_wconf 84' lang='lat' dir='ltr'>B.c.</span> <span class='ocrx_word' id='word_1_225' title='bbox 606 2333 827 2372; x_wconf 84' lang='lat' dir='ltr'><strong>Hannibal</strong></span> <span class='ocrx_word' id='word_1_226' title='bbox 846 2346 933 2372; x_wconf 87' lang='lat' dir='ltr'><strong>was</strong></span> <span class='ocrx_word' id='word_1_227' title='bbox 952 2332 1212 2384; x_wconf 75' lang='lat' dir='ltr'><strong>sixty-three</strong></span> <span class='ocrx_word' id='word_1_228' title='bbox 1229 2346 1355 2384; x_wconf 85' lang='lat' dir='ltr'><strong>years</strong></span> <span class='ocrx_word' id='word_1_229' title='bbox 1374 2333 1459 2373; x_wconf 90' lang='lat' dir='ltr'><strong>old.</strong></span> 
     </span>
    </p>

    <p class='ocr_par' dir='ltr' id='par_1_10' title="bbox 283 2387 683 2427">
     <span class='ocr_line' id='line_1_33' title="bbox 283 2387 683 2427; baseline 0 -1"><span class='ocrx_word' id='word_1_230' title='bbox 283 2387 299 2411; x_wconf 83' lang='lat'>³</span> <span class='ocrx_word' id='word_1_231' title='bbox 329 2387 407 2426; x_wconf 87' lang='lat' dir='ltr'><strong>See</strong></span> <span class='ocrx_word' id='word_1_232' title='bbox 427 2400 531 2426; x_wconf 83' lang='lat' dir='ltr'>XXV.</span> <span class='ocrx_word' id='word_1_233' title='bbox 557 2389 620 2427; x_wconf 83' lang='lat'><strong>18.</strong></span> <span class='ocrx_word' id='word_1_234' title='bbox 647 2389 683 2426; x_wconf 91' lang='grc'><strong>1.</strong></span> 
     </span>
    </p>

    <p class='ocr_par' dir='ltr' id='par_1_11' title="bbox 280 2439 1710 2481">
     <span class='ocr_line' id='line_1_34' title="bbox 280 2439 1710 2481; baseline -0.001 -1"><span class='ocrx_word' id='word_1_235' title='bbox 280 2441 297 2464; x_wconf 75' lang='lat'><strong>‘²</strong></span> <span class='ocrx_word' id='word_1_236' title='bbox 325 2440 402 2481; x_wconf 87' lang='lat' dir='ltr'><strong>Cn.</strong></span> <span class='ocrx_word' id='word_1_237' title='bbox 422 2440 608 2479; x_wconf 80' lang='lat' dir='ltr'><strong>Manlius</strong></span> <span class='ocrx_word' id='word_1_238' title='bbox 637 2440 767 2479; x_wconf 88' lang='lat' dir='ltr'><strong>Volso</strong></span> <span class='ocrx_word' id='word_1_239' title='bbox 796 2439 997 2479; x_wconf 83' lang='lat' dir='ltr'><strong>defeated</strong></span> <span class='ocrx_word' id='word_1_240' title='bbox 1025 2440 1100 2479; x_wconf 83' lang='lat' dir='ltr'><strong>the</strong></span> <span class='ocrx_word' id='word_1_241' title='bbox 1130 2439 1262 2479; x_wconf 86' lang='lat' dir='ltr'><strong>Gauls</strong></span> <span class='ocrx_word' id='word_1_242' title='bbox 1289 2440 1337 2479; x_wconf 93' lang='lat' dir='ltr'><strong>in</strong></span> <span class='ocrx_word' id='word_1_243' title='bbox 1364 2440 1468 2479; x_wconf 87' lang='lat' dir='ltr'><strong>Asia</strong></span> <span class='ocrx_word' id='word_1_244' title='bbox 1496 2440 1637 2480; x_wconf 82' lang='lat' dir='ltr'><strong>Minor</strong></span> <span class='ocrx_word' id='word_1_245' title='bbox 1663 2440 1710 2479; x_wconf 91' lang='lat' dir='ltr'><strong>in</strong></span> 
     </span>
    </p>
   </div>
   <div class='ocr_carea' id='block_1_5' title="bbox 219 2493 1706 2629">
    <p class='ocr_par' dir='ltr' id='par_1_12' title="bbox 219 2493 1706 2629">
     <span class='ocr_line' id='line_1_35' title="bbox 230 2493 1706 2547; baseline -0.001 -14"><span class='ocrx_word' id='word_1_246' title='bbox 230 2496 307 2535; x_wconf 80' lang='lat'><strong>189</strong></span> <span class='ocrx_word' id='word_1_247' title='bbox 329 2505 430 2541; x_wconf 86' lang='lat' dir='ltr'>B.c.‚</span> <span class='ocrx_word' id='word_1_248' title='bbox 452 2494 539 2534; x_wconf 90' lang='lat' dir='ltr'><strong>and</strong></span> <span class='ocrx_word' id='word_1_249' title='bbox 559 2495 606 2534; x_wconf 91' lang='lat' dir='ltr'><strong>in</strong></span> <span class='ocrx_word' id='word_1_250' title='bbox 628 2494 703 2534; x_wconf 80' lang='lat' dir='ltr'><strong>the</strong></span> <span class='ocrx_word' id='word_1_251' title='bbox 722 2494 940 2546; x_wconf 83' lang='lat' dir='ltr'><strong>following</strong></span> <span class='ocrx_word' id='word_1_252' title='bbox 958 2507 1063 2546; x_wconf 86' lang='lat' dir='ltr'><strong>year</strong></span> <span class='ocrx_word' id='word_1_253' title='bbox 1085 2493 1273 2546; x_wconf 73' lang='lat' dir='ltr'><strong>brought</strong></span> <span class='ocrx_word' id='word_1_254' title='bbox 1294 2493 1431 2534; x_wconf 75' lang='lat' dir='ltr'><strong>about</strong></span> <span class='ocrx_word' id='word_1_255' title='bbox 1452 2506 1583 2547; x_wconf 81' lang='lat' dir='ltr'><strong>peace</strong></span> <span class='ocrx_word' id='word_1_256' title='bbox 1604 2493 1706 2532; x_wconf 82' lang='lat' dir='ltr'><strong>with</strong></span> 
     </span>
     <span class='ocr_line' id='line_1_36' title="bbox 219 2572 310 2629; baseline -0.011 -11"><span class='ocrx_word' id='word_1_257' title='bbox 219 2572 310 2629; x_wconf 80' lang='lat'><strong>646</strong></span> 
     </span>
    </p>
   </div>
  </div>
 </body>
</html>
