1802 2942
619 122 1014 172 CORNELIUS
1058 120 1280 170 NEPOS

140 258 171 298 3
260 251 351 298 His
374 268 490 298 cum
513 251 824 314 aliquamdiu
846 253 899 296 in
921 250 1169 312 colloquio
1190 248 1407 295 fuissent
1430 254 1484 295 et
1505 247 1689 295 diversi

197 324 545 371 discessissent
608 328 813 387 iamque
896 323 1070 386 procul
1152 322 1402 369 Datames
1467 322 1688 377 abesset,

200 398 548 455 Mithridates,
570 402 865 462 priusquam
889 398 955 445 ad
977 414 1092 444 suos
1115 400 1424 460 perveniret,
1446 412 1512 443 ne
1536 411 1689 459 quam

198 476 534 535 suspicionem
578 480 801 536 pareret,
845 475 897 518 in
943 472 1164 518 eundem
1207 471 1374 518 locum
1416 473 1691 517 revertitur

200 554 356 610 atque
398 548 467 593 ibi
509 547 596 593 ubi
636 546 799 593 telum
842 553 953 593 erat
992 545 1238 593 infossum
1277 544 1508 601 resedit,1
1549 551 1609 591 ut
1649 546 1690 590 si

199 620 495 667 lassitudine
529 628 741 684 cuperet
775 621 1121 683 adquiescere,
1155 620 1519 682 Datamenque
1550 634 1692 665 revo-

199 698 350 751 cavit,
383 695 623 742 simulans
670 712 724 741 se
771 694 1014 757 quiddam
1059 697 1111 739 in
1157 693 1405 756 colloquio
1453 708 1563 739 esse
1603 692 1692 739 ob-

142 776 173 814 4
196 769 359 815 litum.
429 769 644 815 Interim
679 769 842 815 telum
879 768 1016 831 quod
1051 768 1250 814 latebat
1284 766 1499 830 protulit
1533 766 1693 813 nuda·

197 851 412 905 tumque
449 846 633 906 vagina
669 850 811 889 veste
847 845 982 889 texit
1019 858 1076 889 ac
1112 841 1324 888 Datami
1358 843 1585 887 venienti
1620 842 1693 886 ait

198 917 574 980 digredientem
597 932 652 963 se
677 916 1095 963 animadvertisse
1117 915 1283 962 locum
1307 915 1582 978 quendam,
1605 916 1692 977 qui

200 998 311 1037 erat
337 994 389 1036 in
419 997 712 1052 conspectu,
743 990 808 1036 ad
835 996 1002 1036 castra
1030 989 1268 1051 ponenda
1296 1005 1407 1035 6556
1435 988 1692 1035 idoneum.

141 1074 173 1112 5
198 1064 365 1124 Quem
405 1082 520 1111 cum
560 1065 722 1128 digito
763 1064 1139 1110 demonstraret
1181 1070 1234 1110 et
1274 1062 1357 1109 ille
1398 1065 1694 1125 respiceret,

199 1156 433 1187 aversum
480 1138 612 1186 ferro
653 1138 909 1186 transfixit
949 1141 1190 1201 priusque
1231 1153 1386 1200 quam
1427 1139 1692 1200 quisquam

199 1221 373 1276 posset
395 1229 704 1269 succurrere,
726 1211 1002 1259 interfecit.
1071 1212 1154 1258 Ita
1176 1211 1260 1258 ille
1284 1214 1376 1267 vir,
1399 1214 1487 1273 qui
1508 1210 1694 1258 multos

200 1287 423 1343 consilio,
455 1291 713 1334 neminem
744 1287 957 1350 perfidia
989 1293 1215 1348 ceperat,
1246 1284 1486 1332 simulata
1515 1292 1695 1349 captus

196 1369 281 1409 est
310 1364 548 1409 amicitia.

597 1535 707 1582 XV.
744 1532 1258 1582 EPAMINONDAS

267 1648 315 1693 1.
351 1642 1072 1707 Epaminondas,Polymnidis
1088 1643 1107 1672 ²
1124 1641 1572 1698 filius,Thebanus.
1615 1640 1697 1688 De

203 1717 299 1765 hoc
321 1722 614 1781 priusquam
633 1719 912 1773 scribimus,
930 1716 1057 1764 haec
1080 1716 1439 1779 praecipienda
1461 1716 1698 1762 videntur

201 1791 492 1847 lectoribus,
514 1808 579 1838 ne
602 1792 790 1838 alienos
811 1808 976 1838 mores
999 1791 1065 1838 ad
1085 1807 1200 1837 suos
1220 1789 1464 1846 referant,
1485 1805 1614 1836 neve
1637 1805 1697 1836 ea

205 1882 335 1928 quae
360 1869 479 1928 ipsis
503 1866 691 1913 leviora
715 1873 833 1912 sunt
856 1868 965 1929 pari
988 1865 1138 1911 modo
1164 1864 1300 1927 apud
1323 1870 1519 1911 ceteros
1544 1862 1698 1909 fuisse

151 1945 179 1983 2
203 1941 529 1986 arbitrentur.
597 1939 790 1986 Scimus
828 1943 962 1986 enim
997 1942 1224 1985 musicen
1257 1940 1441 1985 nostris
1476 1937 1699 1984 moribus

205 2014 382 2060 abesse
428 2031 457 2060 a
499 2017 736 2077 principis
779 2030 1012 2077 persona,
1055 2013 1241 2060 saltare
1285 2028 1404 2059 vero
1448 2015 1605 2059 etiam
1647 2014 1699 2058 in

205 2091 338 2134 vitiis
373 2091 521 2150 poni3
575 2104 706 2151 quae
742 2091 911 2135 omnia
946 2087 1082 2150 apud
1118 2087 1337 2133 Graecos
1374 2092 1429 2133 et
1462 2092 1611 2149 grata
1646 2091 1699 2133 et

267 2181 283 2205 1
312 2180 524 2219 infossum
560 2179 734 2226 resedit,
773 2178 1030 2230 Heu-sinqem
1085 2182 1309 2229 repostum
1345 2176 1519 2224 insedit,
1559 2177 1691 2224 Can.;

208 2235 446 2286 impostum
461 2233 634 2280 resedit,
650 2233 870 2279 Dan.AP;
900 2233 1153 2284 impositum
1167 2232 1340 2278 resedit,
1356 2232 1420 2271 the
1433 2232 1544 2271 other
1560 2231 1696 2273 MSS.

265 2289 280 2313 ²
311 2287 593 2339 Polymnidis,
623 2287 879 2338 Heusfflyem
926 2286 1140 2338 Polymni‚
1172 2285 1305 2325 MSS.

433 2423 450 2447 ¹
482 2422 548 2462 On
567 2422 643 2461 the
662 2421 774 2461 form
794 2421 843 2461 of
857 2421 944 2461 this
964 2421 1057 2460 Life
1077 2433 1145 2460 see
1165 2420 1348 2466 Introd„
1369 2434 1411 2472 p.
1432 2421 1526 2460 360.

432 2477 447 2501 2
478 2476 540 2516 Cf.
567 2476 705 2515 Praef.
730 2477 768 2514 2.
994 2475 1010 2499 ³
1041 2475 1119 2515 See
1141 2474 1225 2514 Cic.
1249 2488 1324 2526 pro
1348 2474 1465 2514 Mur.
1494 2474 1557 2514 13.

209 2567 299 2616 530
