1802 2942
634 133 1029 184 CORNELIUS
1075 133 1295 182 NEPOS

214 282 392 312 manus
426 281 557 328 quae
589 267 753 327 prima
784 263 1091 326 phalangem
1123 264 1397 325 prostravit
1429 261 1702 308 Laconum.

162 340 191 380 3
213 333 462 380 Omnibus
511 338 780 394 praeterea
843 329 1076 393 periculis
1142 329 1282 376 eius1
1327 328 1704 384 adfuit—sicut,

214 399 449 462 Spartam
491 416 606 445 cum
647 400 979 460 oppugnavit,
1020 397 1238 443 alterum
1278 400 1447 443 tenuit
1487 412 1706 442 cornu—

214 483 417 529 quoque
463 466 703 512 Messena
743 465 954 511 celerius
995 467 1371 519 restitueretur,
1411 463 1612 526 legatus
1653 465 1705 509 in

215 533 393 580 Persas
449 540 527 579 est
579 531 853 595 profectus.
923 531 1160 593 Denique
1214 529 1340 577 haec
1393 529 1492 577 fuit
1545 529 1706 576 altera

214 617 431 663 persona
461 600 666 655 Thebis,
699 600 789 646 sed
821 606 997 645 tamen
1029 598 1251 645 secunda
1281 600 1356 644 ita
1387 604 1447 644 ut
1476 600 1706 660 proxima

216 675 352 714 esset
375 667 775 730 Epaminondae.

262 733 309 784 5.
346 734 676 781 Conflictatus
718 740 893 780 autem
930 739 1009 779 est
1040 735 1198 778 etiam
1236 732 1447 779 adversa
1482 730 1702 778 fortuna.

217 802 349 848 Nam
370 809 423 848 et
439 804 602 856 initio,
620 804 750 847 sicut
766 800 1097 855 ostendimus,
1113 798 1256 845 exsul
1273 801 1439 861 patria
1455 801 1617 845 caruit
1635 805 1706 853 et,

216 886 332 915 cum
357 868 669 915 Thessaliam
694 871 747 913 in
773 873 1088 930 potestatem
1113 865 1471 913 Thebanorum
1496 872 1707 929 cuperet

216 937 449 999 redigere
495 936 866 999 legationisque
911 937 1020 980 iure
1067 936 1188 980 satis
1234 940 1432 980 tectum
1477 949 1532 980 se
1578 933 1708 979 arbi·>

217 1011 457 1059 traretur,
500 1003 636 1066 quod
691 1003 828 1064 apud
882 1017 1057 1047 omnes
1099 1007 1281 1064 gentes
1323 1006 1556 1047 sanctum
1597 1016 1706 1046 esse

218 1077 528 1126 consuesset,
555 1087 584 1116 a
607 1077 826 1133 tyranno
851 1068 1144 1115 Alexandro
1169 1067 1397 1114 Pheraeo
1422 1066 1570 1114 simul
1593 1084 1708 1113 cum

168 1142 194 1180 2
218 1137 439 1184 Ismenia
457 1136 848 1199 comprehensus
868 1139 920 1181 in
939 1135 1102 1181 vincla
1119 1138 1375 1182 coniectus
1397 1141 1491 1181 est.
1558 1134 1708 1180 Hunc

219 1205 595 1266 Epaminondas
623 1206 960 1265 recuperavit,
988 1202 1121 1249 bello
1149 1218 1459 1265 persequens
1487 1201 1709 1248 Alexan-

219 1272 381 1318 drum.
450 1271 572 1318 Post
623 1271 676 1317 id
727 1270 921 1316 factum
973 1286 1251 1332 numquam
1304 1272 1471 1315 animo
1521 1268 1709 1332 placari

218 1342 389 1401 potuit
413 1341 464 1384 in
491 1355 608 1385 eum
635 1355 664 1384 a
690 1354 789 1400 quo
817 1344 927 1383 erat
952 1337 1182 1383 violatus.
1251 1336 1434 1399 Itaque
1458 1338 1710 1399 persuasit

219 1405 473 1452 Thebanis
531 1412 591 1452 ut
649 1405 871 1452 subsidio
928 1403 1218 1450 Thessaliae
1276 1403 1710 1466 proficiscerentur

171 1480 197 1519 3
219 1480 564 1536 tyrannosque
607 1475 713 1518 eius
755 1471 1087 1534 expellerent.
1156 1471 1308 1517 Cuius
1347 1470 1468 1517 belli
1507 1487 1622 1517 cum
1664 1473 1709 1516 ei

221 1557 418 1586 summa
465 1546 600 1586 esset
644 1540 768 1586 data
813 1555 976 1602 eoque
1021 1555 1136 1585 cum
1182 1541 1410 1584 exercitu
1453 1536 1709 1601 profectus

222 1615 375 1662 esset,
421 1624 523 1653 non
569 1607 840 1662 dubitavit,
886 1605 1034 1652 simul
1081 1622 1138 1652 ac
1183 1608 1449 1668 conspexit
1491 1604 1710 1660 hostem,

173 1684 200 1722 4
220 1674 507 1737 confligere.
577 1673 637 1719 In
668 1690 767 1736 quo
797 1673 988 1735 proelio
1019 1672 1368 1719 Alexandrum
1397 1679 1457 1719 ut
1487 1672 1711 1719 animad-

222 1744 394 1796 vertit,
409 1744 641 1787 incensus
657 1744 731 1786 ira
747 1757 935 1803 equum
949 1743 1002 1786 in
1019 1755 1135 1786 eum
1151 1742 1423 1786 concitavit
1436 1739 1710 1802 proculque

221 1809 474 1871 digressus
501 1825 530 1853 a
554 1811 672 1863 suis,
697 1811 929 1853 coniectu
953 1806 1171 1853 telorum
1195 1805 1451 1853 confossus
1476 1807 1709 1854 concidit.

222 1876 396 1938 Atque
417 1874 511 1921 hoc
531 1875 753 1921 secunda
773 1877 981 1921 victoria
1001 1874 1211 1929 accidit3
1249 1890 1368 1920 nam
1385 1876 1489 1920 iam
1506 1873 1712 1920 inclina-

172 1950 198 1988 5
221 1948 306 1988 tae
357 1949 503 1988 erant
550 1949 883 2004 tyrannorum
930 1944 1121 2003 copiae.
1190 1940 1304 1999 Quo
1352 1939 1488 1987 facto
1536 1944 1712 1987 omnes

222 2009 510 2055 Thessaliae
550 2012 781 2055 civitates
820 2007 1148 2055 interfectum
1188 2007 1482 2070 Pelopidam
1519 2011 1711 2054 coronis

223 2079 386 2122 aureis
424 2083 477 2122 et
511 2079 693 2122 statuis
729 2079 899 2122 aeneis
933 2075 1218 2138 liberosque
1255 2078 1361 2121 eius
1395 2074 1556 2121 multo
1591 2092 1711 2138 agro

221 2143 489 2190 donarunt.

682 2229 697 2254 ¹
726 2230 832 2276 eius,
855 2230 985 2269 added
1004 2228 1054 2280 by
1073 2229 1215 2269 Halm.

286 2337 303 2362 ²
332 2338 421 2376 The
448 2338 651 2377 so-called
671 2338 827 2377 Sacred
854 2337 980 2377 Band
1006 2337 1050 2377 of
1076 2338 1155 2377 300
1183 2336 1494 2388 heavy-armed
1519 2336 1711 2384 soldiers,

228 2393 275 2431 in
296 2392 434 2430 which
457 2393 570 2443 pairs
594 2392 638 2430 of
657 2393 859 2430 intimate
880 2391 1041 2430 friends
1063 2391 1217 2442 fought
1239 2391 1330 2429 side
1353 2390 1412 2442 by
1433 2390 1538 2430 side.

288 2445 304 2469 ²
333 2445 560 2496 Pelopidas
584 2449 698 2484 went
720 2449 767 2484 to
790 2445 936 2484 Persia
957 2446 1004 2484 in
1027 2446 1106 2485 367
1130 2455 1238 2490 B.0.;
1278 2444 1470 2483 Messene
1492 2443 1580 2483 had
1603 2442 1712 2484 been

233 2499 421 2537 restored
445 2499 560 2546 (that
581 2500 632 2545 is,
655 2499 781 2538 made
803 2511 860 2537 an
880 2498 1173 2550 independent
1194 2500 1325 2548 state)
1346 2498 1393 2537 in
1415 2499 1494 2539 370
1517 2508 1601 2537 B.c.

223 2576 311 2638 556
