1802 2942
636 181 1031 229 CORNELIUS
1076 180 1298 229 NEPOS

208 309 345 355 unde
368 309 620 371 praesidio
643 316 819 371 posset
843 325 954 355 esse
978 309 1169 355 civibus
1193 312 1312 356 suis.
1381 308 1566 372 Itaque
1589 325 1705 356 con-

209 389 329 436 tulit
352 406 405 436 se
431 389 496 436 ad
519 389 922 446 Pharnabazum,
948 396 1206 452 satrapem
1232 389 1405 436 Ioniae
1431 397 1485 436 et
1510 389 1705 454 Lydiae

209 470 532 533 eundemque
576 487 824 533 generum
865 474 999 533 regis
1043 477 1097 517 et
1138 474 1508 533 propinquum;
1569 471 1706 533 apud

210 567 363 613 quem
373 559 430 598 ut
446 551 666 597 multum
682 554 847 614 gratia
859 551 1053 598 valeret
1068 551 1230 598 multo
1239 551 1413 597 labore
1428 551 1704 615 multisque

207 631 374 678 effecit
391 631 639 694 periculis.
711 632 842 677 Nam
860 649 975 678 cum
996 631 1405 687 Lacedaemonii,
1424 631 1705 679 Athenien-

208 713 343 759 sibus
373 713 601 768 devictis,
629 716 680 758 in
709 716 955 759 societate
984 729 1085 758 non
1111 720 1381 759 manerent
1410 729 1563 775 quam
1589 730 1704 759 cum

207 794 496 840 Artaxerxe
535 792 783 848 fecerant,
822 793 1222 856 Agesilaumque
1260 793 1508 840 bellatum
1546 797 1705 841 misis-

207 881 323 920 sent
355 877 408 920 in
443 875 636 929 Asiam,
672 877 894 920 maxime
929 873 1131 936 impulsi
1166 891 1196 920 a
1229 873 1584 936 Tissapherne,
1619 878 1705 939 qui

208 971 271 1001 ex
306 958 496 1001 intimis
531 958 665 1018 regis
703 955 766 1001 ab
803 958 1026 1001 amicitia
1062 958 1168 1001 eius
1204 953 1466 1002 defecerat
1502 962 1556 1002 et
1589 972 1704 1002 cum

207 1035 624 1083 Lacedaemoniis
675 1039 866 1082 coierat
915 1039 1233 1091 societatem,
1282 1035 1417 1082 hunc
1467 1036 1704 1084 adversus

207 1115 563 1163 Pharnabazus
594 1116 799 1163 habitus
831 1123 910 1163 est
938 1120 1233 1179 imperator,
1262 1133 1317 1163 re
1350 1117 1556 1180 quidem
1585 1133 1705 1164 vera

208 1201 454 1244 exercitui
473 1197 697 1260 praefuit
718 1197 893 1244 Conon
913 1201 1123 1261 eiusque
1142 1201 1312 1244 omnia
1332 1199 1539 1245 arbitrio
1557 1206 1705 1262 gesta

154 1286 178 1325 3
204 1286 337 1325 sunt.
408 1278 505 1325 Hic
565 1278 786 1325 multum
847 1279 1029 1325 ducem
1091 1295 1346 1325 summum
1407 1279 1703 1342 Agesilaum

205 1360 472 1422 impedivit
495 1376 753 1422 saepeque
779 1362 886 1406 eius
910 1359 1126 1406 consiliis
1150 1360 1371 1415 obstitit,
1393 1376 1562 1423 neque
1585 1377 1704 1408 vero

205 1457 307 1487 non
352 1439 451 1487 fuit
498 1448 752 1503 apertum,
799 1444 839 1487 si
883 1439 968 1487 ille
1014 1457 1117 1487 non
1162 1439 1361 1496 fuisset,
1407 1441 1704 1504 Agesilaum

153 1529 179 1566 4
204 1523 379 1568 Asiam
430 1521 596 1568 Tauro
648 1528 799 1568 tenus
851 1524 961 1585 regi
1012 1519 1167 1568 fuisse
1222 1528 1533 1584 erepturum.
1603 1522 1703 1582 Qui

205 1610 385 1665 postea
424 1619 578 1666 quam
617 1603 826 1649 domum
865 1619 894 1648 a
932 1605 1033 1649 suis
1072 1602 1263 1649 civibus
1301 1610 1567 1650 revocatus
1607 1611 1703 1660 est,

206 1684 342 1746 quod
375 1683 557 1730 Boeoti
593 1691 646 1730 et
681 1682 1025 1730 Athenienses
1061 1682 1479 1730 Lacedaemoniis
1513 1683 1704 1731 bellum

204 1765 513 1820 indixerant,
539 1764 714 1810 Conon
737 1763 892 1810 nihilo
916 1767 1074 1810 setius
1100 1764 1236 1826 apud
1258 1762 1545 1826 praefectos
1569 1768 1703 1829 regis

204 1846 503 1892 versabatur
528 1848 690 1908 iisque
718 1845 950 1891 omnibus
977 1861 1164 1907 magno
1193 1852 1304 1891 erat
1331 1847 1458 1891 usui.

267 1925 315 1976 3.
355 1925 634 1972 Defecerat
669 1943 699 1972 a
731 1942 855 1989 rege
889 1925 1270 1988 Tissaphernes,
1304 1941 1473 1988 neque
1507 1925 1560 1973 id
1594 1933 1703 1973 tam

205 2007 482 2053 Artaxerxi
512 2024 665 2070 quam
695 2010 878 2053 ceteris
909 2013 1021 2053 erat
1050 2013 1314 2068 apertum3
1363 2006 1538 2054 multis
1567 2010 1702 2054 enim

204 2088 505 2147 magnisque
532 2087 727 2131 meritis
756 2084 893 2146 apud
917 2100 1112 2147 regem,
1140 2087 1298 2130 etiam
1324 2100 1440 2130 cum
1465 2087 1518 2130 in
1542 2084 1702 2132 officio

204 2182 306 2211 non
333 2173 584 2221 maneret,
612 2165 832 2211 valebat.
902 2164 1083 2228 Neque
1110 2164 1164 2210 id
1192 2171 1303 2211 erat
1328 2165 1633 2221 mirandum,
1660 2168 1702 2212 si

204 2263 306 2292 non
341 2245 488 2293 facile
525 2246 590 2293 ad
626 2245 938 2292 credendum
973 2245 1342 2301 adducebatur,
1375 2248 1700 2293 reminiscens

153 2332 177 2370 2
204 2330 309 2373 eius
363 2343 416 2373 se
471 2344 625 2390 opera
679 2326 868 2390 Cyrum
920 2324 1132 2372 fratrem
1184 2341 1464 2388 superasse.
1534 2325 1699 2373 Huius

411 2479 428 2504 ¹
457 2479 547 2518 The
568 2478 773 2518 so-called
794 2477 1048 2518 Corinthian
1067 2490 1170 2524 war,
1192 2478 1383 2518 395-387
1405 2488 1491 2519 Rc.

413 2533 428 2556 ²
457 2533 517 2572 At
536 2532 729 2580 Cunaxa,
747 2534 826 2573 401
847 2543 957 2580 B.c.;
992 2544 1061 2572 see
1078 2531 1154 2571 vii.
1178 2532 1215 2571 9.
1239 2533 1279 2579 5,
1299 2531 1452 2572 above.

201 2603 292 2659 468
