1802 2942
631 181 1027 230 CORNELIUS
1072 180 1294 229 NEPOS

209 318 269 358 ut
301 328 402 358 non
434 311 596 359 solum
628 311 863 359 celeriter
895 314 1152 374 acciperet
1184 326 1317 374 quae
1349 309 1707 365 tradebantur,

209 385 301 432 sed
336 387 493 432 etiam
530 385 842 432 excellenter
875 387 1247 447 pronuntiaret.
1316 383 1431 443 Qua
1463 399 1528 430 ex
1561 399 1618 430 re
1651 385 1706 429 in

208 462 429 522 pueritia
463 459 644 505 nobilis
678 462 814 505 inter
849 458 1088 521 aequales
1123 456 1388 504 ferebatur
1420 456 1706 519 clariusque

208 532 668 595 exsplendescebat
706 549 861 596 quam
899 535 1134 596 generosi
1172 531 1500 593 condiscipuli
1539 533 1707 577 animo

156 612 184 650 4
207 623 371 669 aequo
396 605 530 653 ferre
555 614 780 669 possent.
850 606 1035 669 Itaque
1059 606 1310 652 incitabat
1335 621 1510 651 omnes
1535 604 1706 651 studio

208 696 316 736 suo,
341 697 441 743 quo
464 683 517 726 in
540 697 752 727 numero
775 679 986 727 fuerunt
1011 679 1069 727 L.
1094 679 1401 742 Torquatus,
1426 678 1481 725 C.
1510 678 1706 725 Marius

208 753 356 810 filius,
379 754 453 800 M.
477 754 652 801 Cicero
670 770 681 810 ;
721 772 845 818 quos
867 754 1236 801 consuetudine
1257 770 1348 800 sua
1368 755 1438 799 sic
1459 753 1709 809 devinxit,

209 836 268 875 ut
292 845 443 875 nemo
467 832 526 875 iis
551 836 804 892 perpetuo
825 827 844 857 1
869 827 1027 875 fuerit
1051 831 1226 875 carior.

272 901 319 951 2.
355 902 511 950 Pater
566 910 769 950 mature
821 903 1057 950 decessit.
1126 902 1244 966 Ipse
1294 900 1708 949 adulescentulus

207 984 417 1040 propter
456 977 778 1025 adfinitatem
817 977 872 1024 P.
913 976 1136 1040 Sulpicii,
1174 979 1261 1040 qui
1297 978 1532 1024 tribunus
1568 976 1707 1040 plebi

206 1050 509 1098 interfectus
527 1059 623 1108 est,
638 1069 741 1098 non
757 1068 939 1114 expers
954 1050 1053 1098 fuit
1066 1051 1197 1097 illius
1213 1050 1423 1113 periculi
1440 1065 1452 1106 ;
1483 1065 1707 1113 namque

209 1125 407 1181 Anicia,
472 1125 737 1188 Pomponii
802 1127 1119 1181 consobrina,
1184 1131 1430 1187 nupserat
1494 1123 1709 1180 Servio,2

155 1203 181 1242 2
205 1197 350 1245 fratri
391 1199 613 1261 Sulpicii.
683 1199 868 1263 Itaque
908 1198 1183 1246 interfecto
1225 1198 1463 1261 Sulpicio,
1504 1205 1709 1261 postea-

209 1290 363 1336 quam
393 1274 522 1320 vidit
554 1273 782 1320 Cinnano
813 1273 1041 1320 tumultu
1071 1276 1334 1320 civitatem
1367 1288 1478 1319 esse
1508 1280 1710 1335 pertur-

207 1348 385 1394 batam
434 1364 603 1411 neque
654 1349 749 1395 sibi
800 1349 908 1395 dari
957 1347 1260 1395 facultatem
1309 1364 1401 1410 pro
1452 1347 1708 1411 dignitate

208 1422 411 1469 vivendi
429 1425 551 1485 quin
569 1422 871 1469 alterutram
887 1429 1090 1484 partem
1108 1421 1410 1477 offenderet,
1427 1422 1709 1469 dissociatis

211 1499 389 1543 animis
413 1499 598 1543 civium
621 1513 736 1543 cum
756 1496 839 1542 alii
857 1495 1092 1552 Sullanis,
1112 1496 1196 1542 alii
1215 1496 1454 1543 Cinnanis
1473 1495 1709 1543 faverent

208 1571 458 1633 partibus,
489 1570 731 1617 idoneum
765 1577 969 1632 tempus
1002 1577 1143 1617 ratus
1177 1570 1358 1617 studiis
1391 1570 1707 1632 obsequendi

209 1647 329 1699 suis,
360 1643 592 1690 Athenas
624 1660 678 1690 se
710 1644 942 1690 contulit.
1012 1643 1193 1706 Neque
1227 1660 1287 1690 eo
1318 1647 1476 1690 setius
1509 1643 1708 1691 adules-

209 1725 414 1765 centem
443 1717 667 1764 Marium
693 1716 895 1764 hostem
921 1717 1202 1764 iudicatum
1227 1720 1356 1764 iuvit
1381 1718 1561 1780 opibus
1587 1721 1708 1775 suis,

158 1799 183 1838 3
207 1795 346 1838 cuius
384 1791 561 1855 fugam
597 1795 815 1854 pecunia
852 1791 1152 1838 sublevavit.
1221 1792 1298 1837 Ac
1335 1808 1400 1838 ne
1438 1791 1524 1838 illa
1560 1809 1707 1854 pere-

209 1868 428 1929 grinatio
460 1866 828 1913 detrimentum
861 1865 1066 1929 aliquod
1090 1864 1316 1912 adferret
1346 1868 1420 1912 rei
1451 1864 1706 1923 familiari,

211 1940 392 1986 eodem
417 1957 658 2004 magnam
680 1946 883 2002 partem
908 1938 1228 1985 fortunarum
1254 1942 1457 1986 traiecit
1482 1956 1705 1987 suarum.

274 2014 371 2061 Hic
407 2018 482 2061 ita
519 2017 664 2070 vixit,
702 2021 761 2061 ut
800 2017 1044 2060 universis
1083 2013 1483 2061 Atheniensibus
1521 2017 1707 2062 merito

159 2094 185 2132 4
208 2094 344 2134 esset
383 2090 697 2142 carissimus3
754 2103 874 2133 nam
911 2094 1118 2149 praeter
1156 2090 1394 2150 gratiam,
1433 2103 1565 2150 quae
1602 2090 1706 2134 iam

273 2226 290 2250 ¹
318 2231 544 2289 perpetua,
568 2228 621 2273 A,
647 2227 768 2287 foss.
791 2226 817 2265 Ι
830 2241 840 2273 ;
879 2230 1091 2289 perpetua
1112 2228 1220 2287 yita,
1242 2226 1382 2266 Fleck.
1430 2281 1438 2289 ⁸

218 2281 481 2374 Mggerwo,
504 2280 708 2328 Lambm3
748 2280 806 2319 M.
832 2280 1028 2327 Servilio,
1052 2280 1169 2320 Lezd.
1183 2295 1194 2327 ;
1235 2281 1294 2319 M.
1319 2280 1483 2327 Servlo,
1507 2279 1572 2320 the
1595 2279 1707 2320 other

273 2484 289 2508 ¹
320 2483 374 2523 In
406 2486 457 2524 88
488 2494 572 2523 B.c.
610 2482 666 2523 he
696 2483 854 2523 caused
883 2483 958 2523 the
978 2483 1210 2523 command
1237 2484 1283 2523 in
1314 2483 1389 2523 the
1419 2496 1507 2523 war
1536 2484 1708 2536 against

216 2537 492 2577 Mithridates
513 2542 560 2577 to
582 2537 635 2577 be
656 2538 919 2577 transferred
938 2538 1052 2578 from
1072 2537 1191 2578 Sulla
1211 2541 1259 2577 to
1279 2537 1454 2578 Marius.

210 2619 302 2676 654
