1747 2912
551 161 604 207 L.
656 161 990 209 ANNAEUS
1041 162 1310 210 FLORUS

191 286 272 332 bal
321 291 486 343 cessit,
535 292 914 350 praemiumque
964 292 1203 335 victoriae
1251 288 1422 335 Africa
1475 288 1573 337 fuit
1620 297 1678 339 et

193 381 394 421 secutus
420 374 642 421 Africam
669 380 839 422 statim
864 383 1110 423 terrarum
1135 378 1278 423 orbis.

371 536 565 584 XXIII.
621 538 824 583 BELLVM
863 538 1235 584 MACEDONICVM
1275 539 1479 585 anvu

103 661 152 702 11,
171 646 198 692 7
273 645 398 691 PosT
424 646 782 708 Carthaginem
808 650 939 692 vinci
963 651 1219 693 neminem
1242 647 1437 709 puduit.
1491 647 1674 695 Statim

189 732 411 778 Africam
450 741 653 780 secutae
697 740 815 780 sunt
857 741 1054 795 gentes,
1099 734 1414 792 Macedonia,
1449 734 1675 793 Graecia,

191 819 333 882 Syria
388 828 659 883 ceteraque
723 825 890 866 omnia
948 821 1165 883 quodam
1224 826 1363 884 quasi
1420 829 1563 869 aestu
1623 829 1678 869 et

131 915 153 951 2
192 914 419 954 torrente
464 908 715 965 fortunae,
758 908 845 954 sed
887 912 1035 970 primi
1075 912 1299 954 omnium
1354 909 1679 968 Macedones,

188 994 470 1041 adfectator
540 996 792 1058 quondam
876 999 1074 1058 imperii
1158 996 1386 1058 populus.
1496 998 1676 1060 Itaque

189 1087 413 1144 quamvis
450 1090 559 1129 tum
598 1083 858 1145 Philippus
896 1099 1054 1145 regno
1097 1084 1424 1144 praesideret,
1466 1084 1679 1130 Romani

190 1176 363 1216 tamen
380 1170 617 1217 dimicare
638 1172 730 1216 sibi
756 1187 870 1216 cum
899 1187 1019 1232 rege
1047 1171 1337 1217 Alexandro
1361 1172 1676 1218 videbantur.

130 1264 155 1303 3
194 1257 579 1303 Macedonicum
604 1257 795 1303 bellum
821 1262 1025 1304 nomine
1053 1258 1266 1319 amplius
1300 1275 1448 1320 quam
1486 1266 1680 1321 specta-

131 1352 157 1389 4
192 1348 331 1391 tione
368 1349 535 1407 gentis
574 1344 684 1392 fuit.
760 1345 917 1391 Causa
949 1349 1117 1407 coepit
1142 1363 1170 1390 a
1195 1345 1401 1392 foedere
1442 1346 1678 1409 Philippi,

190 1448 288 1494 quo
311 1449 398 1478 rex
424 1436 522 1477 iam
547 1432 744 1494 pridem
763 1432 1110 1479 dominantem
1130 1437 1183 1478 in
1210 1433 1356 1479 Italia
1372 1434 1678 1480 Annibalem

193 1521 285 1565 sibi
334 1523 521 1565 socium
569 1523 832 1574 iunxerat;
884 1526 1059 1582 postea
1107 1524 1266 1566 crevit
1312 1521 1682 1582 inplorantibus

193 1607 411 1653 Athenis
458 1607 699 1653 auxilium
752 1614 925 1653 contra
981 1611 1112 1669 regis
1161 1611 1381 1665 iniurias,
1431 1625 1544 1654 cum
1594 1609 1681 1656 ille

193 1694 323 1740 ultra
371 1698 445 1740 ius
494 1698 731 1741 victoriae
780 1698 833 1740 in
879 1695 1071 1757 templa
1113 1701 1167 1741 et
1205 1712 1311 1741 aras
1355 1702 1408 1742 et
1455 1696 1682 1758 sepulcra

128 1789 154 1827 5
191 1785 297 1843 ipsa
341 1785 569 1828 saeviret.
661 1782 854 1828 Placuit
898 1785 1094 1828 senatui
1142 1799 1292 1844 opem
1342 1787 1499 1829 tantis
1550 1783 1681 1831 ferre

194 1869 514 1931 supplicibus.
605 1868 808 1932 Quippe
857 1873 955 1915 iarn
1009 1873 1240 1931 gentium
1295 1886 1456 1932 reges,
1508 1870 1680 1930 duces,

192 1957 380 2018 populi,
421 1960 668 2012 nationes,
709 1957 956 2018 praesidia
994 1958 1087 2003 sibi
1129 1958 1192 2003 ab
1236 1957 1329 2003 hac
1371 1959 1495 2004 urbe
1537 1974 1681 2020 repe-

133 2050 157 2089 6
194 2045 385 2090 tebant.
481 2044 701 2089 Primum
743 2047 898 2106 igitur
938 2043 1159 2090 Laevino
1207 2045 1410 2091 consule
1466 2045 1681 2106 populus

196 2131 446 2177 Romanus
511 2132 706 2177 Ionium
766 2148 902 2178 mare
955 2135 1226 2193 ingressus,
1273 2138 1382 2178 tota
1439 2132 1680 2179 Graeciae

133 2223 157 2264 7
193 2218 339 2264 litora
380 2219 520 2264 velut
562 2218 897 2279 triumphanti
940 2219 1096 2265 classe
1138 2223 1438 2281 peragravit.
1513 2219 1680 2281 Spolia

193 2309 379 2368 quippe
417 2305 631 2363 Siciliae,
659 2306 936 2363 Sardiniae,
976 2306 1269 2368 Hispaniae,
1307 2307 1509 2353 Africae
1539 2323 1680 2369 prae-

807 2507 820 2531 ¹
850 2508 930 2548 210
949 2518 1034 2548 Eo.

196 2603 289 2645 114
