1802 2942
625 171 1018 220 CORNELIUS
1064 170 1284 219 NEPOS

208 302 478 350 habueris?
546 301 624 347 Ne
657 300 742 347 ille
777 303 886 347 sirit
921 299 1153 361 Iuppiter
1185 306 1240 346 te
1276 316 1337 346 ea
1368 316 1694 361 perseverare

209 387 302 418 nec
329 371 424 416 tibi
450 375 652 415 tantam
680 368 993 414 dementiam
1024 370 1195 412 venire
1230 369 1283 413 in
1318 370 1557 413 animum.
1625 368 1695 414 Et

209 442 249 484 si
289 451 601 498 perseveras,
641 450 817 480 vereor
856 449 920 479 ne
961 436 1013 478 in
1052 449 1256 479 omnem
1295 437 1452 479 vitam
1490 440 1695 480 tantum

208 505 391 550 laboris
423 501 571 564 culpa
600 507 692 547 tua
720 503 932 562 recipias
963 502 1039 546 uti
1069 503 1121 545 in
1151 500 1287 546 nullo
1317 507 1549 562 tempore
1579 507 1695 547 tute

210 573 301 618 tibi
328 570 528 633 placere
554 570 729 630 possis.

273 635 322 686 2.
358 634 618 682 Cornelius
651 633 821 695 Nepos
851 635 905 679 in
932 632 1061 679 libro
1093 632 1174 679 De
1206 633 1470 680 Historicis
1501 632 1696 680 Latinis

211 705 275 752 de
299 703 451 750 laude
477 700 773 748 Ciceronis.1

277 773 320 818 1.
357 769 472 815 Non
490 772 723 831 ignorare
746 767 902 813 debes
923 782 1081 812 unum
1101 765 1196 812 hoc
1216 783 1376 830 genus
1399 765 1698 813 Latinarum

209 838 498 884 litterarum
516 835 682 881 adhuc
700 851 801 880 non
819 833 970 880 modo
989 850 1091 879 non
1108 833 1416 895 respondere
1436 833 1698 889 Graeciae,

212 905 303 951 sed
336 905 539 950 omnino
571 902 697 948 rude
732 908 889 963 atque
921 899 1215 946 inchoatum
1247 907 1412 946 morte
1446 900 1698 947 Ciceronis

212 971 461 1017 relictum.
530 968 622 1014 Ille
651 971 787 1014 enim
813 966 911 1012 fuit
938 983 1065 1013 unus
1095 970 1180 1029 qui
1207 970 1435 1028 potuerit
1461 974 1515 1013 et
1543 969 1696 1013 etiam

213 1039 450 1085 debuerit
483 1035 746 1081 historiam
781 1034 937 1097 digna
971 1049 1093 1079 voce
1128 1037 1475 1095 pronuntiare,
1511 1037 1698 1097 quippe

215 1108 301 1167 qui
321 1105 593 1150 oratoriam
615 1101 961 1164 eloquentiam
980 1100 1161 1146 rudem
1183 1117 1212 1145 a
1232 1101 1504 1146 maioribus
1526 1117 1702 1163 accep-

213 1179 322 1218 tam
345 1169 689 1232 perpoliverit,
711 1166 1080 1229 philosophiam
1104 1174 1225 1213 ante
1251 1183 1368 1213 eum
1390 1171 1700 1229 incomptam

217 1238 454 1284 Latinam
479 1252 570 1281 sua
593 1234 902 1281 confirmarit
920 1233 939 1263 2
964 1237 1209 1280 oratione.
1275 1234 1355 1279 Ex
1381 1251 1480 1296 quo
1505 1235 1701 1290 dubito,

213 1307 427 1351 interitu
468 1306 574 1348 eius
615 1309 787 1348 utrum
827 1317 906 1347 res
946 1300 1150 1363 publica
1189 1316 1255 1347 an
1293 1299 1503 1347 historia
1540 1304 1702 1364 magis

218 1370 404 1419 doleat.

410 1435 571 1482 Idem.

282 1505 326 1551 2.
364 1501 612 1564 Locuples
655 1517 713 1547 ac
753 1501 923 1548 divina
961 1507 1162 1556 natura,
1204 1517 1304 1563 quo
1344 1504 1587 1547 maiorem
1627 1504 1703 1547 sui

218 1576 422 1634 pareret
466 1569 853 1615 admirationem
895 1568 1355 1630 ponderatioraque
1398 1584 1489 1613 sua
1533 1575 1705 1614 essent

218 1636 484 1690 beneficia,
509 1651 677 1697 neque
703 1637 790 1680 uni
816 1638 985 1681 omnia
1009 1635 1130 1681 dare
1156 1650 1251 1681 nec
1275 1651 1444 1681 rursus
1468 1638 1704 1698 cuiquam

220 1707 389 1752 omnia
413 1702 572 1749 voluit
596 1717 801 1764 negare.

282 1769 333 1820 3.
368 1769 537 1832 Nepos
562 1768 821 1814 Cornelius
845 1767 910 1814 ad
945 1803 955 1814 .
994 1803 1005 1814 .
1044 1803 1054 1813 .
1091 1766 1386 1814 Ciceronem
1403 1771 1477 1813 ita
1492 1766 1704 1814 scribit.3

220 1838 442 1884 Tantum
477 1837 623 1882 abest
657 1842 716 1881 ut
751 1851 846 1897 ego
881 1837 1178 1897 magistram
1213 1850 1323 1880 esse
1356 1842 1536 1897 putem
1569 1838 1705 1881 vitae

221 1901 588 1966 philosophiam
611 1903 900 1964 beataeque
924 1904 1060 1947 vitae
1082 1899 1454 1963 perfectricem,
1478 1908 1537 1947 ut
1558 1901 1706 1948 nullis

222 1973 383 2033 magis
413 1972 702 2015 existimem
731 1984 855 2030 opus
887 1983 996 2014 esse
1025 1971 1294 2030 magistros
1323 1968 1524 2015 vivendi
1554 1984 1706 2030 quam

222 2037 476 2099 plerisque
521 2038 607 2097 qui
649 2038 701 2080 in
746 2051 807 2080 ea
850 2035 1159 2096 disputanda
1201 2042 1480 2081 versantur.
1545 2034 1708 2082 Video

225 2107 360 2150 enim
381 2119 620 2164 magnam
640 2108 841 2163 partem
864 2117 1038 2147 eorum
1060 2104 1146 2163 qui
1166 2103 1218 2146 in
1239 2100 1409 2147 schola
1429 2101 1493 2148 de
1513 2102 1707 2163 pudore

226 2177 279 2216 et
320 2172 634 2215 continentia
673 2171 990 2230 praecipiant
1030 2171 1369 2230 argutissime,
1410 2168 1615 2214 eosdem
1655 2171 1708 2214 in

225 2239 449 2283 omnium
479 2235 728 2281 ibidinum
758 2235 1123 2296 cupiditatibus
1155 2233 1366 2280 vivere.4

292 2331 309 2356 1
338 2329 404 2369 On
430 2328 495 2368 the
515 2329 612 2380 first
635 2341 743 2380 paqe
777 2328 824 2380 of
849 2329 948 2368 Cod.
979 2327 1320 2379 Guelferbytanus
1348 2328 1583 2375 Gudianus,
1613 2331 1707 2376 278,

234 2396 338 2423 saec.
366 2383 462 2429 xiii,
489 2382 537 2434 of
559 2383 737 2422 Cicero’s
764 2382 1093 2432 “Philippica”
1151 2382 1413 2433 Apparently
1428 2382 1592 2434 formed
1611 2388 1711 2434 part

238 2437 283 2489 os
305 2437 368 2475 the
386 2436 550 2487 preface
573 2436 620 2488 of
635 2435 699 2475 the
720 2435 820 2475 book
842 2441 870 2458 “
885 2436 948 2475 De
969 2436 1195 2475 Historicis
1217 2436 1430 2474 Latini-33⁵

290 2490 306 2513 ²
335 2489 616 2535 confirmarit,
639 2489 921 2535 Lieberlculm3
960 2489 1249 2536 confirmavit,
1273 2489 1406 2529 MSS.

289 2543 306 2567 ³
335 2542 594 2588 Lactantius,
616 2543 723 2582 Irwt.
747 2543 844 2582 Div.
865 2543 927 2582 iii.
954 2544 1017 2581 15.
1044 2544 1107 2582 10.

292 2597 309 2620 ⁴
338 2597 412 2636 See
426 2596 496 2647 for
515 2595 624 2635 other
643 2596 752 2648 brief
769 2596 999 2649 quotations
1019 2595 1245 2636 Suetonius
1263 2595 1348 2634 and
1370 2595 1541 2643 Gellius,
1561 2595 1710 2644 Index,

232 2662 305 2688 8.v.
325 2649 543 2689 Cornelius
557 2649 712 2700 Nepos.

229 2706 320 2765 696
