1802 2942
641 174 1034 222 CORNELIUS
1081 174 1301 223 NEPOS

158 308 179 323 ⁹
222 301 518 348 venumdari
560 304 805 357 iussisset,
847 303 1024 347 tamen
1068 301 1249 348 eodem
1290 301 1444 348 rediit
1487 302 1715 350 eiusdem

221 379 398 425 Dionis
422 379 654 440 precibus
679 378 943 424 adductus.

284 455 497 502 Interim
529 459 582 500 in
613 456 846 502 morbum
879 455 1055 501 incidit
1090 454 1380 518 Dionysius.
1449 454 1563 514 Quo
1597 472 1712 503 cum

221 536 362 597 gravi
377 533 397 564 1
422 532 814 587 conflictaretur,
834 535 1083 594 quaesivit
1109 549 1138 578 a
1156 532 1364 578 medicis
1390 531 1543 588 Dion,
1561 549 1715 596 quem

224 610 289 657 ad
316 611 524 657 modum
549 626 602 656 se
627 609 860 665 haberet,
883 609 1132 672 simulque
1157 609 1221 655 ab
1243 612 1302 655 iis
1325 612 1494 671 petiit,
1518 613 1558 656 si
1580 604 1714 658 forte

221 691 273 734 in
310 691 501 749 maiore
542 694 677 733 esset
715 686 957 750 periculo,
995 694 1053 733 ut
1093 687 1187 733 sibi
1225 685 1541 743 faterentur3
1582 678 1715 734 ‘nam

222 764 350 811 velle
383 781 437 810 se
469 781 584 810 cum
617 780 677 810 eo
709 764 942 826 conloqui
974 763 1039 810 de
1070 764 1339 825 partiendo
1370 780 1547 827 regno,
1579 766 1716 827 quod

221 845 399 888 sororis
427 858 547 888 suae
575 841 699 887 filios
728 858 792 887 ex
817 841 901 887 illo
927 848 1074 887 natos
1100 847 1302 902 partem
1326 844 1471 904 regni
1495 842 1716 903 putabat

172 929 193 949 ἕ
221 919 408 966 debere
457 918 663 965 habere.
734 918 795 964 Id
842 918 1026 964 medici
1073 934 1175 964 non
1222 925 1496 965 tacuerunt
1546 926 1600 966 et
1649 920 1715 967 ad

223 997 525 1059 Dionysium
564 995 722 1042 filium
760 1012 1046 1042 sermonem
1083 994 1410 1042 rettulerunt.
1479 995 1594 1054 Quo
1629 996 1715 1044 ille

220 1081 519 1129 commotus,
564 1089 629 1119 ne
677 1073 862 1136 agendi
908 1080 1043 1119 esset
1089 1072 1243 1119 Dioni
1287 1079 1535 1134 potestas,
1579 1077 1715 1136 patri

219 1167 451 1213 soporem
477 1151 699 1196 medicos
727 1150 847 1196 dare
875 1153 1059 1213 coegit.
1081 1149 1191 1197 Hoc
1219 1165 1374 1213 aeger
1408 1157 1630 1213 sumpto,
1655 1159 1715 1199 ut

220 1245 394 1274 somno
418 1231 629 1290 sopitUS,
653 1228 788 1274 diem
811 1228 937 1273 obiit
960 1243 1268 1288 supremum.
1681 1215 1686 1218 ²

281 1305 330 1356 3.
366 1305 488 1351 Tale
517 1308 719 1351 initium
747 1303 845 1350 fuit
875 1304 1052 1350 Dionis
1083 1312 1137 1350 et
1166 1304 1398 1367 Dionysii
1426 1304 1715 1362 simultatis,

221 1399 384 1446 eaque
424 1382 597 1428 multis
638 1383 789 1428 rebus
832 1389 982 1427 aucta
1023 1388 1117 1427 est.
1186 1380 1288 1428 Sed
1327 1388 1503 1428 tamen
1541 1385 1715 1445 primis

219 1461 533 1522 temporibus
574 1459 884 1521 aliquamdiu
922 1458 1160 1505 simulata
1196 1461 1331 1505 inter
1369 1475 1455 1505 eos
1494 1463 1716 1507 amicitia

220 1541 422 1584 mansit.
493 1537 620 1583 Cum
647 1536 783 1583 Dion
807 1553 909 1582 non
935 1537 1207 1583 desisteret
1232 1536 1496 1583 obsecrare
1523 1536 1716 1601 Diony-

219 1619 349 1662 sium
372 1622 431 1661 ut
455 1614 722 1660 Platonem
747 1613 964 1660 Athenis
989 1621 1267 1660 arcesseret
1292 1620 1346 1660 et
1370 1617 1477 1660 eius
1500 1613 1714 1662 consiliis

220 1700 470 1748 uteretur,
498 1691 599 1747 1116,
629 1694 715 1754 qui
741 1694 794 1736 in
823 1691 991 1753 aliqua
1017 1707 1072 1737 re
1101 1690 1255 1737 vellet
1282 1698 1483 1753 patrem
1510 1694 1715 1749 imitari,

169 1777 194 1814 2
218 1786 410 1816 morem
465 1772 510 1815 ei
563 1772 736 1831 gessit.
808 1768 1107 1830 Eodemque
1159 1775 1391 1830 tempore
1445 1768 1714 1816 Philistum

220 1847 514 1894 historicum
542 1845 811 1909 Syracusas
837 1845 1061 1900 reduxit,
1086 1844 1344 1891 hominem
1371 1849 1587 1892 amicum
1613 1863 1715 1894 non

220 1927 381 1987 magis
409 1932 627 1987 tyranno
657 1940 811 1986 quam
849 1923 1118 1985 tyrannis.²
1186 1921 1288 1969 Sed
1327 1923 1391 1969 de
1429 1921 1524 1970 hoc
1562 1927 1615 1969 in
1653 1940 1715 1971 eo

220 2002 346 2048 libro
381 2001 526 2063 plura
560 2008 679 2047 sunt
714 2003 947 2062 exposita
982 2003 1067 2062 qui
1103 1999 1167 2046 de
1213 1998 1461 2046 historicis
1509 2000 1714 2049 Graecis

170 2087 195 2126 3
219 2082 529 2141 conscriptus
546 2085 639 2124 est.
690 2077 836 2124 Plato
853 2084 1027 2123 autem
1041 2084 1245 2123 tantum
1260 2077 1397 2139 apud
1412 2077 1714 2141 Dionysium

222 2159 529 2202 auctoritate
570 2157 741 2218 potuit
775 2154 1036 2216 valuitque
1074 2153 1384 2216 eloquentia,
1420 2162 1479 2202 ut
1515 2158 1562 2201 ei
1601 2172 1715 2218 per-

221 2236 437 2280 suaserit
506 2231 788 2296 tyrannidis
858 2230 1026 2278 facere
1097 2231 1250 2278 finem
1318 2231 1714 2296 libertatemque

230 2339 248 2365 ²
275 2342 464 2393 graviter
483 2340 552 2379 vel
573 2341 762 2392 gravius,
780 2352 809 2378 u
827 2338 876 2378 in
889 2338 1066 2388 marqin.
1173 2338 1190 2362 ²
1218 2339 1456 2390 tyrannidi,
1470 2339 1712 2380 Ascensias.

286 2469 303 2493 1
332 2468 400 2507 He
439 2468 526 2507 had
566 2468 672 2507 been
713 2467 922 2507 banished
962 2466 1020 2516 by
1059 2467 1134 2506 the
1173 2467 1289 2507 elder
1328 2467 1587 2520 Dionysius;
1643 2481 1713 2508 see

229 2521 450 2568 Plutarch,
471 2523 599 2569 Dion,
624 2523 673 2562 13
692 2522 735 2561 ff.
1516 2530 1519 2532 '
1717 2524 1721 2525 ⁷

225 2590 315 2649 478
