1802 2942
644 156 1039 207 CORNELIUS
1085 156 1306 205 NEPOS

698 285 837 333 XVI.
873 283 1264 333 PELOPIDAS

287 384 335 434 1.
366 384 633 447 Pelopidas
648 383 938 439 Thebanus,
952 386 1115 446 magis
1129 382 1379 430 historicis
1396 398 1549 446 quam
1562 381 1714 448 vulgo

221 459 388 499 notus.
457 451 609 499 Cuius
638 451 702 498 de
729 452 1001 498 virtutibus
1029 450 1207 497 dubito
1235 466 1389 513 quem
1416 450 1482 497 ad
1503 450 1714 499 modum

222 535 492 582 exponam,
537 519 673 582 quod
715 534 910 574 vereor,
954 520 995 563 si
1038 534 1118 564 res
1164 517 1417 579 explicare
1458 520 1715 580 incipiam,

220 602 286 633 ne
327 603 429 633 non
468 589 627 632 vitam
668 588 774 632 eius
817 601 1070 640 enarrare,
1110 585 1201 631 sed
1239 583 1502 631 historiam
1541 584 1716 632 videar

221 654 468 708 scribere3
531 656 608 699 sin
652 659 857 699 tantum
900 652 1052 699 modo
1097 668 1318 698 summas
1365 654 1604 714 attigero,
1647 668 1714 699 ne

219 721 428 767 rudibus
455 719 765 766 Graecarum
787 719 1076 766 litterarum
1099 722 1265 765 minus
1291 718 1509 765 dilucide
1535 735 1715 782 appar-

223 795 309 834 eat
363 794 583 850 quantus
638 785 794 833 fuerit
846 785 931 833 ille
985 789 1074 832 vir.
1143 785 1328 848 Itaque
1381 789 1587 849 utrique
1639 789 1713 833 rei

220 871 495 910 occurram,
511 861 761 917 quantum
775 860 1010 916 potuero,
1026 859 1081 900 et
1093 853 1340 901 medebor
1354 869 1469 899 cum
1483 855 1713 901 satietati

220 929 333 969 tum
354 924 673 985 ignorantiae
694 920 960 968 lectorum.

169 995 194 1033 2
282 989 567 1036 Phoebidas
608 988 1042 1035 Lacedaemonius
1080 1004 1196 1034 cum
1235 990 1517 1035 exercitum
1556 987 1714 1052 Olyn-

220 1054 368 1103 thum
412 1057 624 1103 duceret
666 1059 868 1119 iterque
911 1072 1004 1118 per
1045 1054 1246 1102 Rebas
1290 1054 1502 1111 faceret,
1546 1071 1714 1119 arcem

221 1124 411 1186 oppidi,
443 1139 574 1186 quae
607 1122 832 1170 Cadmea
861 1125 1170 1178 nominatur,
1201 1125 1466 1185 occupavit
1494 1121 1714 1186 impulsu

220 1207 496 1252 paucorum
521 1190 896 1246 Thebanorum,
923 1192 1010 1252 qui
1036 1190 1353 1237 adversariae
1379 1188 1588 1236 factioni
1613 1206 1715 1253 quo

220 1256 414 1304 facilius
438 1260 755 1313 resisterent,
781 1257 1040 1304 Laconum
1062 1257 1214 1304 rebus
1240 1257 1537 1313 studebant,
1557 1257 1714 1321 idque

171 1333 194 1372 3
218 1341 307 1371 suo
342 1327 558 1387 privato,
591 1341 694 1371 non
727 1323 929 1387 publico
964 1322 1089 1371 fecit
1122 1323 1343 1371 consilio.
1428 1323 1542 1383 Quo
1576 1323 1714 1372 facto

221 1408 339 1439 eum
366 1392 757 1439 Lacedaemonii
783 1392 847 1438 ab
875 1394 1104 1440 exercitu
1127 1398 1454 1438 removerunt
1476 1395 1714 1454 pecunia-

220 1475 320 1522 que
363 1459 664 1515 multarunt,
706 1475 875 1522 neque
920 1475 980 1505 eo
1022 1461 1185 1522 magis
1238 1475 1405 1506 arcem
1459 1457 1715 1506 Tbebam‘s

218 1526 570 1582 reddiderunt,
607 1527 743 1589 quod
779 1529 1025 1588 susceptis
1060 1528 1334 1572 inimicitiis
1370 1529 1528 1572 satius
1563 1526 1715 1573 duce-

218 1594 347 1640 bant
374 1610 458 1640 eos
485 1594 704 1640 obsideri
731 1610 883 1656 quam
908 1593 1139 1649 liberari3
1182 1609 1301 1639 nam
1326 1600 1443 1656 post
1468 1592 1715 1656 Pelopon-

218 1664 417 1707 nesium
451 1660 642 1707 bellum
677 1660 1013 1723 Athenasque
1049 1660 1274 1708 devictas
1310 1677 1426 1707 cum
1459 1659 1715 1708 Thebanis

220 1728 315 1774 sibi
356 1744 466 1774 rem
511 1744 620 1774 esse
666 1728 1030 1774 existimabant
1073 1734 1128 1775 et
1171 1743 1256 1775 eos
1302 1743 1412 1775 esse
1455 1727 1584 1775 solos
1628 1731 1714 1791 qui

169 1795 457 1842 4adversus
501 1794 778 1842 resistere1
825 1795 1091 1841 auderent.
1167 1795 1277 1842 Hac
1322 1802 1497 1842 mente
1543 1798 1715 1841 amicis

220 1865 321 1909 suis
341 1879 561 1909 summas
579 1869 866 1924 potestates
885 1862 1135 1909 dederant
1154 1861 1463 1926 alteriusque
1480 1860 1715 1909 factionis

220 1932 471 1992 principes
525 1932 711 1992 partim
764 1928 1149 1985 interfecerant,
1202 1928 1324 1975 alios
1377 1933 1430 1975 in
1483 1928 1713 1976 exsilium

222 1999 507 2051 eiecerant;
553 2000 604 2042 in
634 1996 815 2059 quibus
845 1995 1112 2058 Pelopidas
1140 1995 1238 2052 hic,
1268 1996 1332 2043 de
1362 2011 1461 2061 quo
1497 1996 1715 2043 scribere

223 2067 387 2110 exorsi
409 2080 598 2119 sumus,
620 2063 792 2126 pulsus
814 2066 981 2126 patria
1003 2063 1227 2110 carebat.

700 2201 718 2226 ²
747 2214 791 2241 se
813 2202 976 2248 sistere,
998 2201 1228 2243 Andresen.

277 2351 292 2374 1
310 2350 455 2402 Nepos
477 2350 625 2389 makes
646 2351 682 2389 it
703 2350 814 2389 clear
836 2349 936 2389 here
957 2349 1057 2388 that
1073 2350 1128 2390 he
1147 2351 1183 2389 is
1203 2354 1283 2390 not
1303 2363 1359 2389 an
1381 2349 1607 2398 historiari,
1626 2351 1707 2393 but

223 2420 246 2444 a
279 2405 548 2457 biographer,
582 2405 668 2444 and
700 2404 800 2443 that
832 2404 885 2443 he
918 2405 1063 2444 dwells
1096 2418 1212 2457 upon
1245 2405 1320 2445 the
1355 2406 1520 2445 virtues
1556 2406 1606 2446 of
1639 2406 1706 2448 his

223 2460 414 2511 subjects
445 2474 491 2499 as
522 2460 685 2499 models
716 2460 781 2498 for
812 2459 1025 2508 conduct3
1059 2460 1149 2501 also
1179 2459 1278 2501 that
1307 2459 1361 2501 he
1389 2460 1425 2501 is
1454 2460 1705 2516 addressing

222 2516 296 2555 the
319 2516 502 2567 general,
528 2514 775 2560 unlearned,
799 2514 958 2567 public.

223 2602 316 2650 550
