1747 2912
507 172 564 221 L.
613 169 947 217 ANNAEUS
997 168 1269 217 FLORUS

149 306 251 348 visa
276 309 353 349 est
388 300 604 363 praedae
628 299 942 362 magnitudo,
970 302 1108 344 cuius
1145 296 1378 344 decimal
1413 295 1638 359 Apollini

154 389 333 450 Pythio
376 392 682 445 mitteretur,
721 390 1082 448 universusque
1129 383 1345 447 populus
1389 383 1639 430 Romanus

65 484 112 523 11
149 477 212 522 ad
238 476 574 537 direptionem
595 476 730 521 urbis
750 480 1029 522 vocaretur.
1087 472 1202 517 Hoc
1225 478 1349 518 tunc
1369 471 1464 518 Vei
1481 470 1637 518 fuere.

153 563 302 608 Nunc
336 562 488 608 fuisse
522 565 632 623 quis
666 563 934 608 meminit?
987 559 1130 617 Quae
1162 558 1441 621 reliquiae?
1492 557 1643 616 Quod

152 652 458 712 vestigium?
507 650 724 696 Laborat
757 647 1013 695 annalium
1046 647 1187 704 fides,
1216 653 1274 693 ut
1308 646 1457 693 Veios
1490 645 1642 693 fuisse

153 738 425 785 credamus.

567 927 682 974 VII.
733 927 934 973 BELLVM
973 926 1228 972 GALLICVM

69 1051 129 1098 13
224 1050 324 1094 H1c
383 1051 485 1094 sive
532 1046 721 1093 invidia
778 1045 931 1093 deum
979 1048 1082 1092 sive
1141 1042 1247 1090 fato
1305 1043 1646 1106 rapidissimus

156 1139 497 1199 procurrentis
559 1137 757 1197 imperii
816 1149 986 1179 cursus
1046 1147 1315 1195 parumper
1385 1131 1648 1178 Gallorum

100 1233 125 1271 2
159 1224 415 1271 Senonum
469 1226 752 1269 incursione
807 1223 1147 1282 supprimitur.
1245 1218 1395 1277 Quod
1447 1225 1649 1282 tempus

157 1312 342 1374 populo
378 1312 600 1357 Romano
625 1312 794 1356 nescio
822 1316 991 1355 utrum
1017 1307 1160 1354 clade
1193 1306 1445 1354 funestius
1477 1306 1648 1364 fuerit,

103 1408 127 1447 3
156 1417 218 1446 an
255 1403 454 1445 virtutis
497 1401 857 1460 experimentis
899 1399 1182 1458 speciosius.
1257 1395 1332 1440 Ea
1372 1401 1511 1442 certe
1553 1395 1651 1442 fuit

159 1492 229 1535 vis
265 1488 580 1543 calamitatis,
605 1492 662 1532 ut
696 1489 749 1531 in
785 1488 1192 1546 experimentum
1226 1483 1437 1529 inlatam
1473 1490 1651 1545 putem

161 1576 418 1632 divinitus,
481 1578 606 1621 scire
669 1573 955 1620 volentibus
1019 1571 1367 1617 inmortalibus
1431 1570 1524 1628 dis,
1587 1587 1652 1617 an

165 1664 386 1709 Romana
423 1666 578 1708 virtus
613 1664 882 1723 imperium
918 1660 1051 1705 orbis
1086 1665 1379 1705 mereretur.

107 1761 132 1796 4
231 1751 363 1797 Galli
401 1750 644 1806 Senones,
667 1765 793 1810 gens
829 1754 1010 1793 natura
1045 1745 1203 1804 ferox,
1228 1746 1448 1791 moribus
1483 1748 1652 1791 incon-

163 1838 283 1895 dita,
332 1838 395 1883 ad
442 1837 535 1882 hoc
584 1841 691 1898 ipsa
737 1852 1000 1897 corporum
1047 1833 1196 1890 mole,
1244 1832 1456 1895 perinde
1503 1836 1651 1880 armis

163 1928 472 1988 ingentibus,
496 1925 622 1971 adeo
647 1927 783 1970 omni
807 1939 995 1986 genere
1020 1921 1258 1969 terribilis
1282 1920 1397 1978 fuit,
1421 1927 1479 1967 ut
1502 1919 1652 1983 plane

164 2021 282 2060 nata
317 2013 380 2059 ad
416 2012 675 2058 hominum
713 2013 993 2067 interitum,
1019 2010 1218 2056 urbium
1254 2015 1478 2071 stragem
1514 2006 1651 2054 vide-

108 2111 132 2147 5
163 2108 314 2148 retur.
391 2101 461 2145 Hi
509 2099 763 2162 quondam
811 2099 873 2144 ab
922 2098 1111 2144 ultimis
1160 2103 1408 2143 terrarum
1455 2098 1551 2142 oris
1599 2102 1653 2142 et

165 2193 403 2250 cingente
452 2191 618 2233 omnia
666 2187 871 2233 Oceano
918 2188 1119 2247 ingenti
1166 2187 1367 2246 agmine
1416 2182 1651 2245 profecti,

166 2293 278 2322 cum
325 2280 422 2321 iam
458 2275 625 2320 media
660 2280 956 2330 vastassent,
992 2275 1166 2334 positis
1213 2275 1347 2318 inter
1395 2270 1551 2332 Alpes
1600 2277 1654 2318 et

172 2364 358 2410 Padum
385 2363 602 2420 sedibus,
627 2378 691 2408 ne
727 2361 804 2407 his
841 2361 1046 2423 quidem
1071 2362 1301 2406 contenti
1326 2375 1417 2421 per
1455 2357 1652 2405 Italiam

503 2511 521 2536 ยน
549 2509 718 2550 decima
736 2509 944 2549 Iahnius:
974 2507 1181 2548 decumae
1200 2507 1311 2547 codd.

167 2603 230 2645 40
