1802 2942
638 135 1033 184 CORNELIUS
1079 135 1300 183 NEPOS

217 265 428 319 diceret,
470 262 707 310 defensus
751 263 1069 326 aliquotiens,
1109 263 1352 310 liberatus
1393 263 1708 310 discesserat.

218 332 367 378 Hunc
392 348 492 377 non
517 331 679 378 solum
703 334 754 376 in
778 330 1010 393 periculis
1036 347 1138 377 non
1162 329 1412 387 defendit,
1436 330 1528 378 sed
1553 334 1710 378 etiam

217 399 454 462 prodidit.

165 476 191 512 4
282 466 513 512 Concidit
548 472 724 512 autem
757 467 979 511 maxime
1014 481 1114 511 uno
1149 467 1374 520 crimine,
1409 465 1562 528 quod,
1596 481 1712 512 cum

219 533 354 595 apud
387 550 504 578 eum
535 549 788 579 summum
815 540 951 579 esset
974 535 1242 594 imperium
1266 531 1439 594 populi
1462 533 1631 579 iussu1
1658 539 1713 579 et

220 601 540 655 Nicanorem,
581 599 847 646 Cassandri
895 600 1231 662 praefectum,
1270 599 1494 646 insidiari
1534 599 1713 646 Piraeo

230 667 620 714 Atheniensium
637 684 667 713 a
683 666 902 730 Dercylo
926 674 1219 714 moneretur
1238 667 1477 729 idemque
1494 667 1514 697 2
1539 674 1712 729 postu-

221 735 349 781 laret
369 742 426 781 ut
445 735 735 796 provideret
752 751 816 780 ne
835 735 1201 781 commeatibus
1219 737 1393 781 civitas
1412 737 1714 796 privaretur,

219 801 335 848 huic
358 802 598 848 audiente
620 801 807 864 populo
830 801 1051 848 Phocion
1072 805 1280 864 negavit
1303 818 1412 848 esse
1434 801 1713 863 periculum

166 879 192 917 5
219 886 375 932 seque
415 873 519 915 eius
557 872 631 915 rei
668 869 896 916 obsidem
934 868 1041 915 fore
1079 869 1328 931 pollicitus
1367 876 1461 916 est.
1531 869 1713 931 Neque

220 940 294 983 ita
324 936 484 982 multo
515 943 632 998 post
663 936 881 982 Nicanor
912 935 1089 983 Piraeo
1122 943 1201 983 est
1230 939 1443 999 potitus,
1474 939 1581 983 sine
1614 953 1713 999 quo

221 1003 457 1051 Athenae
476 1007 678 1050 omnino
696 1020 804 1050 esse
821 1020 922 1050 non
938 1003 1188 1065 possunt.3
1237 1003 1321 1050 Ad
1337 1020 1492 1067 quem
1506 1020 1715 1066 recupe-

221 1072 435 1118 randum
467 1088 582 1117 cum
613 1071 827 1134 populus
861 1079 1084 1118 armat-us
1117 1074 1466 1126 concurrisset,
1498 1070 1581 1118 ille
1613 1088 1715 1117 non

221 1139 371 1185 modo
416 1142 673 1184 nerninem
718 1139 783 1185 ad
827 1155 966 1184 arma
1009 1142 1222 1194 vocavit,
1266 1138 1358 1185 sed
1399 1155 1463 1185 ne
1507 1142 1714 1185 armatis

220 1206 427 1269 quidem
454 1222 689 1267 praeesse
715 1205 889 1252 voluit.

283 1272 331 1323 3.
369 1273 531 1319 Erant
587 1289 648 1319 eo
703 1280 934 1334 tempore
991 1272 1207 1320 Athenis
1264 1273 1396 1321 duae
1451 1271 1715 1329 factiones,

223 1357 436 1403 quarum
452 1357 553 1386 una
567 1340 739 1402 populi
755 1357 958 1386 causam
975 1342 1181 1403 agebat,
1198 1340 1359 1387 altera
1373 1344 1713 1403 optimatium.

225 1407 284 1454 In
302 1407 396 1453 hac
417 1415 527 1454 erat
547 1407 767 1454 Phocion
788 1415 842 1454 et
861 1408 1155 1454 Demetrius
1176 1407 1466 1454 Phalereus.
1520 1408 1716 1454 Harum

223 1483 440 1537 utraque
503 1474 845 1521 Macedonum
903 1478 1193 1537 patrociniis
1251 1476 1522 1531 utebatur3
1597 1492 1716 1522 nam

223 1542 491 1605 populares
539 1542 930 1606 Polyperchonti
976 1542 1236 1598 favebant,
1283 1546 1556 1605 optimates
1603 1560 1717 1590 cum

171 1616 196 1654 2
224 1610 503 1657 Cassandro
564 1611 870 1656 sentiebant.
946 1610 1160 1656 Interim
1221 1626 1251 1656 a
1310 1609 1716 1674 Polyperchonte

225 1677 531 1724 Cassandrus
552 1677 855 1724 Macedonia
870 1677 1042 1739 pulsus
1059 1685 1156 1724 est.-
1222 1677 1336 1736 Quo
1352 1676 1487 1724 facto
1502 1677 1716 1740 populus

225 1748 448 1806 superior
490 1743 671 1800 factus,
713 1748 888 1791 statim
930 1745 1082 1792 duces
1126 1745 1441 1792 adversariae
1483 1744 1715 1792 factionis

224 1815 402 1874 capitis
429 1812 693 1858 damnatos
719 1815 885 1874 patria
909 1812 1148 1874 propulit,
1173 1815 1224 1858 in
1249 1815 1307 1859 iis
1333 1811 1638 1859 Phocionem
1664 1820 1718 1859 et

226 1879 549 1926 Demetrium
603 1879 921 1935 Phalereum,
973 1879 1140 1943 deque
1191 1896 1253 1926 ea
1301 1896 1356 1927 re
1406 1879 1601 1944 legatos
1653 1880 1719 1927 ad

288 1985 303 2010 1
333 1987 466 2030 iussu,
488 1986 623 2025 added
641 1985 690 2036 by
711 1985 941 2026 Andresen.

281 2040 297 2064 ²
324 2040 539 2091 idemque,
564 2053 615 2086 u3
655 2040 894 2091 eidemque,
919 2039 1053 2079 MSS.

282 2094 297 2117 ³
329 2094 592 2143 Transposed
617 2094 668 2144 by
694 2094 902 2145 Kraffert3
945 2095 1049 2146 after
1074 2094 1214 2134 voluit
1239 2094 1286 2134 in
1312 2093 1471 2141 MSS.;
1513 2099 1590 2145 put
1614 2094 1718 2146 aster

223 2148 414 2186 insidiari
440 2148 590 2187 Piraeo
618 2147 667 2197 by
698 2147 826 2188 Quill.
848 2148 1125 2198 (Daderlez'n),
1144 2148 1232 2188 who
1259 2154 1357 2199 puts
1385 2148 1717 2189 Atheniensium

224 2202 330 2253 aster
352 2201 514 2253 populi.

287 2329 304 2354 1
334 2330 448 2368 That
469 2330 513 2369 of
533 2329 778 2379 στρατηγός,
801 2343 848 2369 or
867 2330 1052 2381 general.

288 2383 303 2407 ²
332 2384 555 2435 Although
588 2383 663 2422 the
697 2384 873 2424 Piraeus
908 2384 996 2424 had
1031 2384 1139 2423 been
1173 2383 1405 2436 destroyed
1436 2383 1483 2423 in
1517 2383 1591 2423 the
1625 2383 1719 2424 first

229 2437 498 2477 Mithridatio
522 2451 623 2484 war,
650 2437 724 2477 the
748 2437 938 2477 hat-bour
961 2450 1048 2477 was
1072 2438 1161 2477 still
1182 2439 1424 2490 important
1445 2438 1491 2477 in
1515 2437 1590 2477 the
1614 2438 1719 2478 time

231 2492 275 2530 of
299 2491 457 2541 Nepos.
519 2492 601 2531 For
626 2491 699 2531 the
723 2492 911 2544 position
936 2492 980 2532 of
1003 2491 1090 2531 this
1113 2491 1267 2544 phrase
1291 2505 1360 2531 see
1382 2491 1458 2531 the
1480 2492 1576 2532 crit.
1600 2496 1717 2532 note.

225 2570 316 2613 600
