1747 2912
547 121 604 171 L.
654 120 990 167 ANNAEUS
1042 120 1311 167 FLORUS

186 265 385 295 reverso
409 253 460 294 in
482 248 700 294 Siciliam
719 248 869 306 bello,
889 248 1022 310 apud
1051 248 1388 294 Panhormum
1404 254 1474 296 sic
1499 250 1671 298 hostes

188 316 385 372 cecidit,
445 323 503 362 ut
559 317 692 362 necl
749 316 962 377 amplius
1018 331 1128 362 eam
1185 316 1400 362 insulam
1459 317 1670 380 adgredi

98 390 151 429 28
188 386 484 444 cogitarent.
558 383 930 444 Argumentum
954 385 1177 444 ingentis
1201 387 1438 429 victoriae
1464 392 1670 432 centum

186 454 385 496 circiter
420 449 805 511 elephantorum
840 453 1119 512 captivitas,
1152 453 1221 495 sic
1253 466 1451 512 quoque
1487 468 1672 513 magna

187 517 388 579 praeda,
425 521 465 563 si
501 533 709 579 gregem
749 517 892 563 illum
939 533 1041 563 non
1088 516 1238 574 bello,
1274 517 1364 563 sed
1402 523 1671 566 venatione

187 601 244 631 ce
284 588 418 630 isset.

97 659 150 697 29
248 601 420 712 1Appio
447 650 653 696 Claudio
678 651 882 697 consule
918 666 1021 696 non
1044 651 1108 696 ab
1132 650 1375 713 hostibus,
1402 651 1494 697 sed
1529 668 1558 697 a
1593 651 1671 698 dis

186 722 304 779 ipsis
346 725 607 779 superatus
646 725 740 775 est,
780 734 990 780 quorum
1027 721 1245 779 auspicia
1281 725 1672 780 contempserat,

187 786 292 830 ibi2
340 789 511 831 statim
560 785 715 831 classe
773 785 1016 841 demersa,
1065 786 1151 830 ubi
1208 785 1294 831 ille
1353 790 1670 848 praecipitari

187 852 349 915 pullos
372 856 599 908 iusserat,
624 852 759 914 quod
783 868 1008 914 pugnare
1033 853 1095 897 ab
1120 855 1178 897 iis
1202 859 1472 898 vetaretur.

98 927 149 966 30
255 920 426 965 Marco
464 920 616 965 Fabio
656 919 886 966 Buteone
923 918 1126 965 consule
1163 919 1423 966 hostium3
1460 919 1668 966 classem

186 990 283 1032 iam
308 990 360 1031 in
378 985 550 1032 Africo
575 990 698 1032 mari
722 986 857 1048 apud
877 987 1209 1048 Aegimurum
1233 990 1286 1031 in
1311 986 1510 1032 Italiam
1535 987 1672 1033 ultro

98 1061 148 1100 31
190 1058 513 1115 navigantem
553 1053 750 1100 cecidit.
842 1053 1091 1112 Quantus,
1133 1069 1179 1110 o,
1229 1060 1338 1100 tum
1386 1054 1673 1116 triumphus

187 1127 494 1182 tempestate
537 1121 810 1177 intercidit,
847 1137 962 1166 cum
999 1120 1241 1183 opulenta
1281 1121 1466 1182 praeda
1503 1122 1673 1168 classis

185 1188 405 1234 adversis
428 1194 540 1234 acta
563 1191 727 1234 ventis
759 1188 1021 1249 naufragio
1057 1204 1145 1233 suo
1185 1187 1404 1233 Africam
1432 1195 1485 1235 et
1509 1188 1671 1251 Syrtis

98 1261 149 1302 32
190 1254 283 1302 et4
323 1259 547 1301 omnium
584 1253 1032 1301 interiacentium5
1072 1255 1346 1301 insularum
1383 1255 1531 1301 litora
1577 1259 1669 1301 im-

185 1323 345 1385 plevit
367 1323 375 1367 l
448 1322 636 1383 Magna
659 1322 842 1379 clades,
867 1322 956 1368 sed
979 1338 1080 1367 non
1105 1326 1213 1368 sine
1235 1321 1402 1384 aliqua
1435 1326 1674 1385 principis

187 1389 360 1452 populi
399 1389 667 1451 dignitate,
697 1393 1035 1451 interceptam
1069 1396 1377 1452 tempestate
1415 1393 1672 1435 victoriam

188 1463 242 1503 et
282 1456 595 1518 triumphum
636 1457 865 1518 perisse⁶
899 1455 1173 1518 naufragio.
1246 1456 1314 1502 Et
1350 1463 1523 1502 tamen
1558 1473 1672 1503 cum

190 1524 406 1569 Punicae
454 1523 670 1585 praedae
717 1524 947 1569 omnibus
1004 1527 1357 1585 promontoriis
1398 1523 1674 1586 insulisque

188 1591 460 1647 fluitarent,
485 1591 699 1653 populus
728 1591 978 1636 Romanus
1003 1597 1058 1636 et
1082 1594 1150 1636 sic
1175 1590 1518 1652 triumphavit.

98 1665 152 1704 33
258 1658 463 1704 Lutatio
503 1658 679 1703 Catulo
718 1658 922 1704 consule
959 1657 1168 1703 tandem
1207 1658 1341 1703 bello
1383 1658 1493 1703 finis
1530 1661 1675 1719 inpo-

189 1728 314 1771 situs
337 1725 471 1786 apud
495 1725 697 1780 insulas,
717 1726 897 1787 quibus
921 1741 1107 1771 nomen
1129 1725 1373 1786 Aegatae,
1398 1741 1494 1771 nec
1517 1728 1677 1770 maior

99 1799 152 1839 34
190 1792 309 1838 alias
344 1796 397 1836 in
433 1795 558 1837 mari
594 1809 778 1854 pugna.
851 1792 1045 1837 Aderat
1077 1795 1264 1854 quippe
1297 1792 1675 1849 commeatibuS,

189 1863 432 1916 exercitu,
471 1858 876 1921 propugnaculis,
916 1862 1064 1905 armis
1105 1862 1267 1920 gravis
1308 1858 1474 1905 classis
1523 1865 1578 1905 et
1621 1862 1674 1904 in

327 1999 343 2024 ¹
371 2001 604 2040 utnecL:
636 2004 761 2039 utne
782 2001 845 2041 N:
877 2000 1029 2039 neBI.

328 2054 344 2077 ²
373 2054 435 2093 ibi
454 2055 550 2093 IN:
580 2053 636 2093 ab
656 2055 723 2092 his
745 2056 794 2093 Β.

326 2108 343 2132 ³
371 2108 563 2147 hostium
583 2113 669 2158 post
688 2109 975 2159 Aegimurum
998 2109 1122 2158 ponit
1139 2107 1218 2147 BI.

329 2163 345 2186 ⁴
374 2167 421 2202 et
440 2163 535 2201 add.
564 2163 789 2201 Bentleius.

329 2217 346 2240 ⁵
375 2216 732 2255 interiacentium
752 2217 992 2255 Bentleius:
1024 2214 1408 2267 imperiagentium
1429 2214 1540 2254 codd.

328 2269 345 2293 ⁶
374 2270 541 2321 perisse
563 2283 640 2308 om.
662 2268 714 2308 B.

1586 2359 1678 2369 ..-

247 2418 263 2442 ¹
292 2419 372 2458 249
391 2429 474 2458 ΒΟ.
538 2417 622 2458 His
643 2431 768 2457 name
789 2431 878 2457 was
898 2417 1097 2466 Publius,
1122 2421 1201 2457 not
1221 2417 1407 2470 Appius,
1430 2414 1654 2457 Claudius.

251 2470 268 2495 ²
296 2472 375 2512 245
396 2482 479 2512 nc.
532 2478 535 2482 ⁴
668 2472 685 2497 ³
714 2470 817 2511 And
837 2477 917 2512 not
935 2471 1013 2511 the
1033 2483 1205 2523 enemy.
1388 2470 1406 2494 ⁴
1433 2470 1514 2509 242
1533 2479 1617 2510 Β.ο.

184 2548 246 2593 86
