1802 2942
624 158 1017 207 CORNELIUS
1064 157 1285 206 NEPOS

206 303 385 333 manus
441 290 726 350 porrigeret
782 286 1111 349 suppetebat,
1167 288 1261 332 nisi
1316 288 1369 332 in
1427 287 1701 332 amicorum

207 364 562 423 possessiones.
632 360 693 407 Id
736 363 843 407 eius
885 360 1023 406 modi
1067 365 1195 415 erat,
1237 365 1314 414 ut,
1357 375 1472 405 cum
1513 358 1700 405 milites

156 442 182 482 3
205 433 595 489 reconciliasset,
625 436 890 480 amitteret
917 435 1208 495 optimates.
1277 432 1506 491 Quarum
1531 448 1702 479 rerum

208 524 328 554 cura
377 508 662 570 angebatur
712 513 782 562 et,
831 509 1061 553 insuetus
1110 506 1243 552 male
1294 506 1552 562 audiendi,
1600 522 1702 553 non

209 585 376 627 animo
415 598 578 644 aequo
617 579 818 627 ferebat
856 580 920 627 de
959 596 1013 626 se
1053 580 1117 626 ab
1154 582 1213 626 iis
1251 580 1385 626 male
1424 582 1702 627 existimari

210 672 424 718 quorum
447 654 599 717 paulo
625 661 745 701 ante
770 657 823 700 in
847 653 1044 700 caelum
1069 652 1238 700 fuerat
1264 654 1428 700 elatus
1451 653 1701 700 laudibus.

210 729 403 791 Vulgus
446 735 638 783 autem,
680 726 870 774 offensa
909 731 962 773 in
1004 744 1121 774 eum
1161 727 1381 774 militum
1421 726 1703 783 voluntate,

209 802 415 848 liberius
484 801 790 864 loquebatur
845 808 900 847 et
952 809 1228 864 tyrannum
1282 818 1383 847 non
1437 800 1703 848 ferendum

211 876 499 922 dictitabat.

279 948 326 998 8.
365 949 507 995 Haec
531 948 614 994 ille
638 951 843 995 intuens
869 965 983 995 cum
1009 964 1162 1011 quem
1187 948 1252 995 ad
1275 949 1482 995 modum
1501 949 1705 995 sedaret

212 1026 449 1078 nesciret,
484 1030 538 1069 et
571 1039 810 1085 quorsum
844 1023 1122 1068 evaderent
1153 1025 1380 1078 timeret,
1413 1022 1704 1070 Callicrates

215 1096 439 1158 quidam,
485 1099 604 1142 civis
651 1095 998 1151 Atheniensis,
1045 1098 1130 1158 qui
1177 1095 1325 1142 simul
1371 1112 1486 1142 cum
1533 1112 1594 1142 eo
1640 1112 1704 1143 ex

213 1169 563 1231 Peloponneso
587 1172 640 1215 in
665 1168 883 1215 Siciliam
909 1176 1138 1224 venerat,
1162 1168 1313 1215 homo
1340 1176 1394 1216 et
1418 1168 1626 1216 callidus
1651 1177 1706 1217 et

215 1243 279 1290 ad
308 1242 542 1290 fraudem
573 1250 768 1298 acutus,
799 1246 906 1289 sine
937 1243 1040 1289 ulla
1068 1243 1312 1306 religione
1344 1259 1401 1289 ac
1432 1243 1550 1299 fide,
1580 1243 1706 1290 adiit

162 1323 187 1361 2
213 1317 277 1363 ad
320 1317 540 1363 Dionem
584 1324 638 1363 et
680 1319 786 1363 ait:
849 1332 966 1362 eum
1007 1333 1194 1380 magno
1235 1319 1288 1362 in
1328 1315 1552 1379 periculo
1595 1333 1705 1364 esse

214 1397 424 1452 propter
454 1389 782 1436 offensionem
811 1389 985 1452 populi
1017 1397 1071 1436 et
1101 1390 1273 1436 odium
1302 1390 1540 1446 militum,
1569 1391 1707 1454 quod

214 1465 351 1512 nullo
366 1465 518 1511 modo
535 1468 726 1511 evitare
742 1471 933 1526 posset,
949 1467 1044 1510 nisi
1060 1464 1207 1510 alicui
1223 1481 1427 1511 suorum
1441 1468 1707 1528 negotium

215 1539 363 1585 daret
399 1541 485 1601 qui
521 1554 574 1584 se
611 1538 873 1584 simularet
906 1537 978 1583 illi
1011 1540 1286 1584 inimicum.
1354 1538 1521 1596 Quem
1557 1541 1598 1585 si
1632 1542 1707 1586 in-

214 1615 437 1658 venisset
462 1612 718 1668 idoneum,
744 1610 892 1658 facile
918 1615 1143 1658 omnium
1169 1615 1361 1658 animos
1386 1615 1707 1675 cogniturum

216 1685 629 1747 adversariosque
663 1685 998 1741 sublaturum,
1033 1685 1170 1747 quod
1202 1688 1390 1731 inimici
1425 1689 1531 1732 eius
1566 1686 1707 1733 dissi-

217 1758 394 1806 denti1
420 1776 534 1805 suos
560 1775 735 1805 sensus
763 1762 988 1821 aperturi
1011 1757 1196 1805 forent.

167 1840 192 1880 3
278 1832 387 1878 Tali
438 1832 642 1879 consilio
693 1833 926 1894 probato,
979 1835 1182 1895 excepit
1232 1831 1323 1879 has
1374 1840 1547 1896 partes
1597 1837 1706 1897 ipse

217 1905 510 1953 Callicrates
532 1914 585 1952 et
605 1922 658 1952 se
680 1913 844 1952 armat
861 1906 1205 1968 imprudentia
1225 1906 1419 1953 Dionis.
1486 1907 1570 1954 Ad
1589 1923 1706 1954 eum

217 1979 628 2026 interficiundum
689 1982 846 2025 socios
908 1982 1176 2042 conquirit,
1238 1980 1547 2026 adversarios
1598 1984 1706 2029 eius

166 2060 192 2097 4
216 2056 469 2109 convenit,
503 2055 850 2099 coniuratione
884 2053 1164 2099 confirmat.
1232 2053 1351 2109 Res,
1385 2053 1558 2101 multis
1591 2071 1707 2102 con-

218 2129 329 2173 sciis
352 2143 483 2190 quae
505 2133 787 2190 gereretur,
810 2125 945 2172 elata
966 2125 1195 2173 defertur
1216 2127 1281 2173 ad
1302 2126 1706 2187 Aristomachen,

219 2216 440 2246 sororem
483 2200 679 2256 Dionis,
721 2215 1034 2263 uxoremque
1077 2200 1288 2246 Areten.
1358 2200 1482 2247 Illae
1523 2204 1705 2249 timore

263 2309 300 2401 113
311 2307 562 2401 giSSidenti’
576 2307 733 2355 Bremi,
747 2307 785 2347 F
799 2316 850 2354 λς
872 2307 1135 2353 dissidentis,
1149 2312 1253 2348 most
1271 2307 1325 2346 M
1327 2307 1403 2347 SS.
1418 2323 1429 2354 ;
1451 2307 1706 2349 dissidentes

220 2378 248 2401 π
363 2375 404 2401 u.

481 2497 497 2521 ¹
525 2496 615 2535 The
635 2495 774 2535 man’s
794 2508 921 2535 name
942 2508 1030 2535 was
1051 2495 1185 2547 really
1207 2495 1442 2547 Callippus.

220 2568 310 2626 486
