1802 2942
583 141 637 188 L.
689 140 1022 187 ANNAEUS
1069 138 1337 187 FLORUS

218 269 499 331 signiferos,
514 286 654 316 orare
678 270 869 315 hortari
894 272 1170 330 increpare,
1190 284 1281 330 per
1304 274 1469 314 totum
1484 267 1706 330 denique

129 353 182 392 83
217 364 401 408 agmen
438 347 592 393 oculis
628 348 856 392 manibus
894 346 1109 392 clamore
1134 346 1356 392 volitare.
1432 346 1630 392 Dicitur
1652 348 1706 391 in

219 424 304 469 illa
329 425 708 486 perturbatione
734 431 789 470 et
812 424 877 471 de
905 427 1144 470 extremis
1169 427 1387 485 agitasse
1411 439 1581 469 secum
1608 439 1708 468 ma-

218 501 505 564 nifestoque
531 502 670 548 voltu
695 501 865 557 fuisse,
891 504 1030 563 quasi
1056 517 1299 562 occupare
1323 506 1538 546 mortem
1554 516 1708 546 manu

218 578 375 625 vellet
395 595 408 634 ;
445 577 579 625 nisi1
627 578 861 625 cohortes
897 578 1118 624 hostium
1165 581 1387 640 quinque
1424 593 1514 639 per
1547 584 1708 623 trans-

219 671 413 701 versam
455 659 615 702 aciem
653 662 812 712 actae,
857 671 977 717 quas
1017 654 1270 700 Labienus
1308 654 1710 717 periclitantibus

220 737 392 779 castris
419 733 668 794 praesidio
685 736 907 790 miserat,
929 735 1149 794 speciem
1175 732 1325 794 fugae
1344 732 1706 793 praebuissent.

129 817 184 855 84
223 809 338 855 Hoc
370 817 458 855 aut
488 810 578 856 et2
613 814 721 871 ipse
751 809 967 856 credidit
1001 815 1090 855 aut
1122 809 1223 855 dux
1259 809 1468 855 callidus
1501 811 1712 870 arripuit

218 889 271 932 in
307 891 636 943 occasionem,
662 893 715 933 et
744 890 883 950 quasi
917 890 969 932 in
1006 886 1263 948 fugientes
1303 893 1356 932 et
1391 889 1489 931 iam
1514 885 1710 932 victos3

219 964 365 1010 simul
407 971 460 1011 et
498 981 698 1010 suorum
741 968 904 1010 erexit
941 968 1132 1009 animos
1181 970 1235 1010 et
1275 963 1433 1009 hostis
1478 963 1717 1025 perculit„

221 1041 352 1087 Nam
390 1049 442 1087 et
469 1041 535 1101 hi,
565 1042 686 1087 dum
717 1057 770 1088 se
807 1048 992 1104 putant
1021 1045 1239 1099 vincere,
1264 1040 1441 1087 fortius
1476 1043 1635 1103 sequi,
1657 1046 1712 1087 et

223 1118 528 1180 Pompeiani,
555 1119 676 1165 dum
706 1118 884 1181 fugere
915 1118 1131 1165 credunt
1166 1134 1295 1176 suos,
1320 1119 1498 1180 fugere
1533 1134 1711 1180 coepe-

130 1203 183 1241 85
220 1203 351 1242 runt.
426 1196 629 1253 Quanta
653 1195 808 1242 fuerit
835 1196 1061 1243 hostibus
1088 1196 1358 1242 caedendis
1379 1194 1400 1224 4
1432 1198 1504 1241 ira
1528 1196 1711 1242 rabies-

222 1289 319 1335 que
346 1275 633 1331 victoribus,
658 1277 726 1320 sic
756 1277 1023 1320 aestimare
1059 1272 1271 1335 posses,5
1300 1273 1436 1336 quod
1464 1289 1493 1318 a
1522 1273 1712 1334 proelio

219 1350 419 1412 profugi
467 1368 580 1397 cum
639 1367 691 1397 se
742 1351 988 1397 Mundam
1047 1355 1374 1412 recepissent,
1423 1357 1478 1397 et
1534 1350 1712 1397 Caesar

222 1428 440 1474 obsideri
477 1432 646 1475 statim
684 1428 879 1474 victos⁶
925 1432 1240 1490 imperasset,
1280 1431 1533 1488 congestis
1569 1427 1712 1474 cada-

222 1505 421 1551 veribus
457 1522 612 1567 agger
649 1506 856 1552 effectus
905 1513 1000 1563 est,
1037 1521 1166 1568 quae
1202 1505 1316 1567 pilis
1363 1504 1713 1568 tragulisque⁷

225 1582 416 1628 confixa
474 1586 608 1629 inter
674 1599 726 1630 se
786 1582 1387 1640 tenebantur,—f0edum
1451 1585 1603 1628 etiam
1660 1585 1712 1628 in

137 1666 187 1706 86
225 1661 469 1706 barbaros.
545 1659 645 1706 Sed
716 1660 956 1706 videlicet
1014 1663 1272 1706 victoriam
1331 1659 1712 1721 desperantibus

227 1737 433 1799 Pompei
480 1737 668 1794 liberis,
717 1737 950 1783 Gnaeum
1001 1736 1193 1799 proelio
1240 1736 1526 1798 profugum,
1571 1753 1712 1784 crure

225 1813 487 1872 saucium,8
523 1814 723 1860 deserta
754 1821 807 1861 et
844 1818 952 1859 avia
987 1820 1253 1876 petentem
1278 1814 1545 1860 Caesonius
1578 1813 1713 1875 apud

226 1892 509 1937 Lauronem
556 1891 797 1953 oppidum
846 1898 1159 1948 consecutus,
1204 1891 1714 1952 pugnantem—adeo

139 1976 190 2017 87
227 1969 453 2015 nondum
488 1969 1113 2031 desperabat—interfecit
1133 1985 1145 2024 3
1180 1968 1391 2015 Sextum
1426 1968 1627 2015 fortuna
1659 1972 1711 2015 in

280 2118 296 2143 ¹
325 2118 441 2170 quod
455 2123 545 2169 post
565 2119 649 2157 nisi
670 2120 765 2158 add.
791 2119 903 2158 codd.
921 2122 1087 2169 praeter
1104 2119 1231 2159 Rem.

284 2173 300 2196 ²
330 2181 409 2211 aut
429 2178 473 2211 et
492 2188 500 2211 :
531 2177 679 2211 autem
700 2180 745 2211 et
764 2174 813 2212 B.

279 2227 296 2250 ³
326 2228 411 2265 iam
432 2228 572 2265 victos
591 2227 774 2266 Iahnius
791 2243 799 2266 :
831 2226 1019 2266 invictos
1038 2227 1090 2266 B.

283 2281 299 2304 4
328 2279 558 2319 caedendis
578 2280 634 2320 Β1
653 2296 662 2320 :
691 2279 914 2319 caedentis
934 2281 983 2321 B.

282 2334 297 2358 5
328 2347 473 2385 posses
493 2336 639 2384 scripsi
658 2349 667 2372 ι
697 2340 845 2385 posset
864 2335 915 2373 B.

280 2388 296 2411 ⁶
327 2389 492 2427 victos:
525 2389 668 2426 victor
693 2389 739 2428 Β.

283 2442 297 2464 ⁷
325 2442 428 2493 pilis
470 2442 742 2493 tragulisque
771 2441 1068 2482 Rossbachius:
1107 2441 1294 2493 plaustri
1325 2441 1617 2495 stragulisque
1645 2441 1711 2482 B·.

222 2495 322 2547 pilis
343 2495 581 2547 iaculisque
601 2496 697 2536 NL.

228 2587 321 2630 294
