1802 2942
646 135 1041 184 CORNELIUS
1085 134 1307 184 NEPOS

223 271 576 329 oppugnatum
616 264 855 311 adversus
895 263 1248 310 Ptolemaeum
1288 269 1400 311 erat
1437 261 1715 326 profectus.

175 339 478 387 3Eumenes
517 355 632 385 cum
671 354 840 401 neque
877 354 1089 401 magnas
1129 340 1298 400 copias
1337 353 1506 400 neque
1545 337 1716 385 firmas

223 412 455 468 haberet,
493 412 630 476 quod
668 418 722 458 et
757 414 1126 458 inexercitatae
1164 417 1218 457 et
1254 428 1356 457 non
1392 410 1555 458 multo
1591 418 1714 459 ante

224 494 371 535 erant
389 493 700 542 contractae,
719 486 996 533 adventare
1017 492 1191 532 autem
1209 485 1500 532 dicerentur
1516 484 1715 532 Helles·

221 568 540 624 pontumque
576 562 816 606 transisse
853 559 1129 622 Antipater
1165 565 1220 605 et
1257 558 1492 605 Crateros
1526 575 1716 622 magno

222 653 338 683 cum
377 637 605 682 exercitu
646 633 1008 689 Macedonum,
1047 635 1138 679 viri
1177 649 1292 679 cum
1330 631 1564 679 claritate
1600 640 1713 680 tum

222 726 317 756 usu
357 708 479 755 belli
519 707 1221 770 praestantes—Macedones
1263 722 1382 753 vero
1422 706 1611 753 milites
1652 723 1715 754 ea

176 790 203 828 4
225 790 337 830 tum
361 789 508 829 erant
529 781 683 837 fama,
707 798 808 845 qua
829 798 963 827 nunc
985 780 1200 827 Romani
1220 779 1483 836 feruntur3
1521 783 1713 828 etenim

223 873 424 920 semper
458 855 621 903 habiti
656 863 775 903 sunt
806 854 1082 911 fortissimi,
1118 857 1204 918 qui
1249 854 1471 902 summi1
1515 858 1713 919 imperii

220 930 830 995 potirentur—Eumenes
877 929 1232 993 intellegebat,
1280 932 1321 976 si
1368 932 1544 992 copiae
1590 946 1715 978 suae

221 1012 526 1070 cognossent
550 1005 788 1051 adversus
814 1021 938 1067 quos
963 1004 1288 1059 ducerentur,
1312 1021 1415 1050 non
1436 1004 1588 1051 modo
1611 1021 1713 1052 non

219 1083 398 1135 ituras,
421 1080 512 1126 sed
535 1078 684 1125 simul
707 1095 822 1125 cum
845 1081 1025 1125 nuntio
1049 1078 1345 1141 dilapsuras.

169 1163 196 1202 5
284 1154 468 1216 Itaque
487 1152 582 1200 hoc
604 1156 650 1199 ei
669 1156 831 1199 visum
853 1159 932 1200 est
950 1153 969 1182 2
988 1153 1457 1215 prudentissimum,
1476 1159 1536 1199 ut
1555 1152 1713 1200 deviis

221 1229 486 1274 itineribus
511 1227 698 1274 milites
726 1227 954 1283 duceret,
979 1230 1032 1273 in
1059 1227 1240 1290 quibus
1266 1242 1386 1273 vera
1413 1227 1587 1273 audire
1611 1244 1712 1274 non

221 1309 447 1364 possent,
485 1308 539 1348 et
573 1304 631 1348 iis
666 1301 1000 1364 persuaderet
1031 1317 1085 1347 se
1117 1307 1293 1347 contra
1325 1301 1570 1363 quosdam
1599 1301 1713 1348 bar-

171 1377 365 1423 6baros
405 1375 666 1438 proficisci.
735 1374 919 1438 Itaque
960 1377 1130 1421 tenuit
1169 1373 1263 1420 hoc
1302 1376 1618 1436 propositum
1659 1382 1714 1422 et

221 1453 358 1514 prius
391 1453 443 1496 in
477 1452 637 1496 aciem
672 1453 954 1496 exercitum
988 1449 1167 1496 eduxit
1197 1448 1548 1511 proeliumque
1579 1465 1713 1495 com-

220 1527 376 1580 misit,
418 1540 572 1587 quam
613 1523 801 1570 milites
844 1526 920 1569 sui
962 1525 1150 1569 scirent
1191 1539 1306 1568 cum
1349 1523 1531 1585 quibus
1573 1539 1713 1570 arma

220 1597 526 1645 conferrent.
593 1596 777 1644 Effecit
819 1600 975 1643 etiam
1016 1596 1141 1643 illud
1181 1595 1404 1642 locorum
1443 1612 1714 1659 praeoccu-

221 1675 447 1735 patione,
498 1678 557 1718 ut
609 1674 844 1734 equitatu
894 1674 1063 1734 potius
1115 1671 1398 1726 dimicaret,
1449 1686 1550 1734 quo
1599 1670 1713 1734 plus

220 1745 442 1800 valebat,
467 1761 619 1807 quam
641 1745 896 1807 peditatu,
920 1761 1020 1807 quo
1044 1750 1156 1791 erat
1177 1744 1415 1791 deterior,

280 1817 328 1868 4.
371 1818 599 1877 Quorum
615 1822 856 1865 acerrimo
873 1835 1117 1866 concursu
1131 1835 1246 1865 cum
1258 1835 1499 1882 magnam
1510 1825 1712 1881 partem

221 1893 322 1940 diei
378 1899 514 1939 esset
568 1891 961 1956 oppugnatum,3
1015 1892 1153 1939 cadit
1208 1892 1443 1938 Crateros
1498 1893 1602 1939 dux
1657 1900 1713 1941 et

221 1966 605 2030 Neoptolemus,
636 1970 723 2030 qui
752 1966 1030 2013 secundum
1058 1965 1225 2013 locum
1253 1969 1452 2029 imperii
1479 1967 1709 2015 tenebat.

171 2046 195 2084 2
220 2040 347 2087 Cum
383 2040 479 2087 hoc
516 2043 767 2087 concurrit
803 2043 912 2103 ipse
948 2040 1222 2087 Eumenes.
1291 2040 1390 2099 Qui
1427 2057 1542 2087 cum
1577 2043 1713 2088 inter

220 2130 274 2161 se
301 2114 552 2177 complexi
577 2117 628 2160 in
654 2121 844 2161 terram
871 2130 935 2161 ex
963 2116 1105 2177 equis
1131 2114 1456 2170 decidissent,
1481 2121 1540 2161 ut
1563 2112 1711 2162 facile

218 2187 450 2251 intellegi
466 2195 675 2250 possent
691 2191 894 2234 inimica
910 2194 1085 2234 mente
1103 2188 1424 2235 contendisse
1442 2191 1711 2251 animoque

219 2264 381 2325 magis
433 2265 589 2308 etiam
639 2278 894 2326 pugnasse
945 2278 1098 2325 quam
1148 2278 1373 2325 corpore,
1423 2278 1525 2308 non
1573 2264 1711 2324 prius

279 2374 297 2399 ¹
326 2375 500 2421 summi,
516 2374 715 2426 Mada-iffi
749 2387 980 2420 summam,
997 2375 1109 2415 Dan.
1128 2374 1167 2414 A
1188 2374 1241 2414 M
1257 2375 1297 2416 P
1312 2375 1351 2415 R
1362 2389 1373 2422 ;
1407 2386 1593 2422 summa,
1611 2374 1650 2414 Β
1665 2387 1710 2415 u.

279 2428 295 2453 ²
324 2429 361 2467 ei
383 2430 524 2468 visum
545 2432 626 2475 est,
646 2429 809 2480 Nipp.;
847 2430 936 2469 eius
956 2429 1057 2477 fuit,
1078 2428 1212 2470 MSS.

276 2481 293 2505 ³
323 2485 580 2533 pugnatum,
602 2495 646 2523 u.

219 2560 310 2621 578
