1802 2942
563 138 960 188 CORNELIUS
1009 137 1233 186 NEPOS

155 272 221 320 ad
253 286 430 335 regem
463 272 727 315 miserunt.
797 266 925 314 Inde
961 265 1027 313 ad
1061 265 1290 313 Atticam
1326 271 1649 313 accesserunt

157 356 214 386 ac
247 355 361 385 suas
394 339 562 399 copias
594 339 648 381 in
680 350 915 396 campum
951 332 1260 379 Marathona
1292 331 1648 388 deduxerunt3

155 410 196 453 is
225 412 303 452 est
329 405 393 451 ab
413 403 434 433 1
460 403 646 465 oppido
672 405 870 448 circiter
894 400 1033 446 milia
1057 415 1297 462 passuum
1317 399 1337 427 2
1365 398 1558 445 decem.

107 481 132 521 3
222 472 333 518 Hoc
362 470 588 518 tumultu
617 467 960 515 Athenienses
989 474 1098 514 tam
1126 469 1410 529 propinquo
1438 472 1649 527 tamque

161 555 347 603 magno
362 540 597 601 permoti,
615 535 857 582 auxilium
874 550 1125 597 nusquam
1142 536 1237 579 nisi
1258 549 1288 579 a
1309 532 1650 578 Lacedaemo-

158 610 251 653 niis
270 609 563 668 petiverunt
588 603 1017 665 Phidippumque,
1038 615 1292 647 cursorem
1318 602 1424 645 eius
1449 601 1652 662 generis

159 677 245 737 qui
279 672 695 719 hemerodromoe
730 676 990 724 vocantur,
1026 667 1468 714 Lacedaemonem
1499 668 1650 712 mise-

158 747 294 796 runt,
337 747 395 786 ut
435 742 696 785 nuntiaret
738 753 891 799 quam
932 734 1083 782 celeri
1125 750 1250 796 opus
1293 750 1402 780 esse
1445 732 1648 779 auxilio.

109 816 135 853 4
160 808 312 854 Domi
350 812 523 852 autem
555 810 732 851 creant
764 804 942 850 decem
974 808 1253 864 praetores,
1287 803 1373 863 qui
1407 802 1652 846 exercitui

159 879 474 938 praeessent,
498 875 550 918 in
573 874 632 917 iis
660 869 978 924 Miltiadem3
1020 872 1154 915 inter
1186 884 1310 931 quos
1343 883 1531 930 magna
1554 865 1654 913 fuit

161 944 439 996 contentio,
496 945 667 985 utrum
722 937 987 984 moenibus
1043 951 1097 982 se
1115 934 1135 964 3
1194 933 1532 981 defenderent
1588 949 1653 979 an

110 1019 135 1058 5
161 1010 361 1056 obviam
398 1010 532 1053 irent
569 1005 798 1052 hostibus
838 1007 1047 1066 acieque
1086 1002 1436 1049 decernerent.
1507 999 1653 1047 Unus

163 1075 425 1123 Miltiades
457 1076 679 1120 maxime
710 1071 972 1118 nitebatur
1004 1077 1063 1116 ut
1093 1073 1255 1132 primo
1288 1083 1491 1131 quoque
1523 1074 1655 1114 tem-

161 1158 284 1207 pore
321 1148 487 1188 castra
522 1140 733 1186 fierent:
787 1138 840 1185 id
876 1141 915 1184 si
952 1136 1146 1184 factum
1184 1143 1338 1191 esset,
1375 1142 1430 1182 et
1465 1135 1655 1181 civibus

163 1213 388 1257 animum
415 1223 749 1262 accessurum,
775 1222 890 1252 cum
915 1205 1149 1251 viderent
1174 1203 1239 1250 de
1267 1219 1441 1249 eorum
1466 1205 1656 1249 virtute

163 1294 265 1325 non
294 1277 569 1338 desperari,
600 1281 655 1321 et
683 1273 854 1320 hostes
887 1272 1068 1318 eadem
1097 1287 1152 1317 re
1181 1269 1290 1317 fore
1320 1269 1585 1324 tardiores,
1615 1271 1656 1315 si

165 1343 631 1392 animadverterent
674 1340 849 1387 auderi
868 1337 889 1368 4
932 1339 1171 1386 adversus
1213 1353 1268 1384 se
1311 1344 1418 1384 tam
1462 1338 1656 1400 exiguis

164 1415 317 1474 copiis
345 1411 586 1457 dimicari.

227 1476 275 1528 5.
313 1476 424 1523 Hoc
469 1479 522 1521 in
570 1482 802 1536 tempore
851 1471 988 1519 nulla
1035 1474 1210 1518 civitas
1259 1469 1658 1517 Atheniensibus

165 1544 350 1592 auxilio
399 1542 497 1589 fuit
546 1548 751 1604 praeter
801 1539 1157 1594 Plataeenses3
1225 1553 1288 1584 ea
1335 1537 1472 1583 mille
1520 1539 1659 1583 misit

163 1612 397 1660 militum.
468 1610 651 1672 Itaque
676 1607 856 1654 horum
883 1607 1106 1654 adventu
1132 1606 1311 1653 decem
1335 1604 1474 1651 milia
1499 1619 1660 1650 arma-

115 1688 139 1727 2
162 1688 331 1727 torum
358 1677 612 1740 completa
638 1683 774 1731 sunt,
802 1690 934 1737 quae
960 1689 1139 1720 manus
1165 1672 1382 1719 mirabili
1409 1670 1660 1734 flagrabat

165 1746 427 1811 pugnandi
457 1744 753 1806 cupiditate.
823 1741 937 1800 Quo
963 1740 1156 1787 factum
1183 1746 1261 1786 est
1286 1746 1345 1786 ut
1368 1738 1479 1801 plus
1506 1754 1660 1800 quam

166 1814 392 1876 collegae
436 1810 698 1857 Miltiades
739 1808 949 1855 valeret.
1031 1807 1153 1854 Eius
1196 1822 1318 1869 ergo
1354 1808 1660 1852 auctoritate

117 1892 141 1931 3
165 1880 384 1943 impulsi,
444 1877 787 1925 Athenienses
840 1877 1008 1938 copias
1064 1890 1127 1921 ex
1185 1874 1312 1920 urbe
1372 1873 1661 1919 eduxerunt

167 1949 379 2011 locoque
418 1946 601 1993 idoneo
640 1951 805 1991 castra
843 1942 1091 1989 fecerunt.
1160 1940 1296 1988 Dein
1334 1946 1539 2003 postero
1577 1939 1661 1987 die

235 2077 251 2101 1
281 2076 422 2121 abest,
447 2074 509 2122 R;
549 2073 674 2112 abest
698 2071 770 2118 ab,
792 2071 944 2111 Aldus.

235 2131 250 2155 ²
280 2141 503 2182 passuum,
528 2140 580 2174 ἀς
618 2139 787 2178 passus,
812 2124 946 2164 MSS.

232 2185 248 2209 ³
277 2198 338 2230 se,
360 2182 493 2222 added
515 2181 566 2231 by
588 2179 783 2219 Lambin.

232 2239 249 2263 4
277 2237 443 2283 auderi,
468 2234 650 2274 Lambin
678 2233 764 2272 and
792 2245 902 2272 some
930 2230 1109 2284 inferior
1136 2228 1280 2277 MS&
1318 2229 1383 2270 the
1415 2228 1499 2269 best
1525 2227 1661 2270 MSS.

179 2293 280 2332 have
302 2291 476 2330 audere.

233 2439 251 2464 ¹
280 2438 476 2479 Couriers
496 2436 594 2476 who
615 2435 743 2474 could
766 2447 848 2474 run
870 2433 938 2472 for
961 2431 1098 2472 whole
1128 2430 1236 2483 days
1266 2430 1355 2470 and
1382 2442 1512 2470 cover
1539 2433 1662 2482 great

182 2494 413 2534 distances.
471 2489 769 2542 Phidippides,
794 2486 936 2528 which
960 2499 1048 2527 was
1073 2485 1149 2526 the
1178 2488 1344 2525 correct
1371 2484 1486 2524 form
1513 2484 1559 2523 of
1585 2483 1660 2525 the

180 2573 270 2632 380
