1747 2912
523 166 576 214 L.
626 164 960 211 ANNAEUS
1011 163 1278 211 FLORUS

165 294 493 348 videbantur3
542 293 631 339 sed
667 291 794 337 nihil
828 299 1002 338 tamen
1039 291 1268 353 amplius,
1310 307 1460 353 quam
1495 297 1554 337 ut
1588 292 1654 338 ad

164 372 380 430 primum
421 370 577 412 ictum
617 371 987 411 concurrerent.
1064 365 1183 410 Mox
1224 365 1311 410 ubi
1354 364 1656 412 circumfusa

165 441 389 502 undique
418 447 577 486 rostra
601 438 876 494 viderunt,l
911 440 1120 485 abiectis
1146 441 1318 484 statim
1341 437 1458 484 telis
1481 443 1657 484 remis-

165 531 263 577 que
287 515 464 576 plausu
487 513 710 575 undique
736 516 858 574 pari,
877 512 1012 575 quod
1037 511 1428 573 supplicantium
1454 515 1656 574 signum

80 597 130 636 14
166 589 277 645 fuit,
324 592 479 634 vitam
538 591 841 649 petiverunt.
919 586 1035 631 Non
1081 586 1177 631 alia
1235 592 1339 631 tam
1392 589 1656 631 incruenta

166 667 373 710 victoria
397 666 473 709 usi
497 679 734 724 umquam
760 678 946 719 sumus,
965 661 1054 708 sed
1079 677 1173 707 nec
1199 660 1392 707 fidelior
1418 665 1470 706 in
1487 667 1655 723 poste-

166 757 277 785 rum
300 745 500 800 reperta
518 754 644 799 gens
668 737 770 783 ulla
787 744 865 783 est
883 753 894 792 3
910 737 930 767 2
967 737 1119 799 idque
1137 743 1461 799 prospectum
1487 740 1656 798 singu-

165 813 257 858 lari
281 811 485 858 consilio
510 811 666 866 ducis,
692 814 777 873 qui
809 814 1117 856 maritimum
1143 826 1303 871 genus
1329 826 1358 854 a
1383 816 1659 872 conspectu

166 889 318 949 longe
356 890 570 933 removit
615 889 764 932 maris
812 892 866 932 et
912 885 1296 932 mediterraneis
1338 889 1469 947 agris
1517 889 1658 947 quasi

167 964 424 1025 obligavit,
451 962 731 1023 eodemque
755 968 985 1022 tempore
1019 967 1073 1008 et
1097 977 1243 1007 usum
1273 964 1421 1006 maris
1446 962 1659 1007 navibus

81 1047 130 1087 15
166 1040 481 1100 recuperavit
517 1044 570 1083 et
604 1043 769 1083 terrae
806 1036 1035 1083 homines
1061 1052 1173 1082 suos
1209 1036 1447 1082 reddidit.
1522 1036 1659 1094 Quid

170 1116 306 1174 prius
342 1115 395 1156 in
431 1111 524 1156 hac
559 1113 741 1156 mirere
766 1111 1011 1156 victoria?
1048 1109 1411 1156 velocitatem?
1448 1109 1660 1171 quadra-

167 1189 395 1249 gensimo
443 1185 524 1230 die
572 1190 715 1246 parta
758 1190 847 1230 est.
921 1184 1004 1229 An
1053 1182 1387 1229 felicitatem?
1447 1199 1513 1229 ne
1559 1200 1660 1230 una

168 1259 372 1322 quidem
409 1261 546 1304 navis
583 1261 760 1303 amissa
796 1263 886 1303 est.
961 1257 1045 1302 An
1068 1273 1186 1303 vero
1223 1257 1661 1319 perpetuitatem?

168 1333 379 1395 amplius
404 1335 595 1393 piratae
621 1347 723 1377 non
748 1330 967 1377 fuerunt.

560 1612 724 1660 XLII.
763 1611 966 1658 BELLVM
1003 1611 1257 1657 CRE'rmvm

81 1729 152 1771 111,
171 1713 198 1760 7
260 1711 520 1758 CmrmcuM
546 1711 753 1768 bellum,
779 1714 818 1756 si
843 1726 960 1756 vera
983 1709 1228 1767 volumus,
1254 1706 1365 1774 [nos
1390 1707 1621 1774 fecimus]
1639 1709 1663 1740 3

171 1785 275 1832 sola
332 1784 567 1830 vincendi
626 1783 848 1829 nobilem
914 1782 1128 1829 insulam
1204 1783 1452 1844 cupiditas
1519 1782 1660 1830 fecit.

173 1860 371 1905 Favisse
432 1858 716 1904 Mithridati
765 1857 1063 1912 videbatur3
1122 1856 1217 1902 hoc
1277 1857 1466 1918 placuit
1513 1860 1664 1903 armis

121 1941 146 1980 2
171 1933 437 1979 vindicare.
514 1931 704 1977 Primus
730 1934 912 1977 invasit
935 1929 1150 1976 insulam
1186 1932 1383 1976 Marcus
1409 1930 1662 1977 Antonius

172 2023 286 2053 cum
344 2009 543 2067 ingenti
589 2004 794 2067 quidem
842 2007 1078 2050 victoriae
1126 2019 1214 2065 spe
1263 2010 1416 2066 atque
1465 2003 1663 2065 fiducia,

171 2080 297 2126 adeo
329 2086 387 2126 ut
428 2079 582 2141 pluris
616 2086 818 2124 catenas
861 2081 913 2123 in
945 2078 1155 2123 navibus
1194 2093 1342 2139 quam
1372 2094 1508 2123 arma
1549 2093 1662 2139 por-

121 2162 146 2202 3
173 2161 317 2200 taret.
410 2153 570 2199 Dedit
638 2156 810 2214 itaque
881 2168 1067 2213 poenas
1140 2151 1444 2198 vaecordiae.
1535 2152 1663 2197 Nam

173 2228 436 2290 plerasque
460 2243 612 2273 naves
637 2229 911 2287 intercepit
935 2226 1108 2282 hostis,
1135 2229 1433 2287 captivaque
1459 2241 1666 2286 corpora

173 2301 447 2363 religantes
476 2300 599 2346 velis
639 2316 696 2345 ac
732 2299 934 2345 funibus
972 2299 1296 2361 suspendere,
1321 2315 1378 2345 ac
1415 2302 1483 2344 sic
1509 2297 1665 2344 velifi-

500 2399 516 2424 1
544 2399 778 2439 viderunt:
811 2398 1013 2438 viderent
1033 2400 1082 2438 B.

502 2453 519 2478 ²
547 2460 719 2505 reperta
742 2466 845 2505 gens
866 2453 956 2492 ulla
975 2458 1042 2492 est
1061 2466 1139 2493 om.
1158 2453 1208 2494 B.

501 2508 517 2532 ³
546 2522 624 2547 nos
645 2507 824 2547 fecimus
843 2508 930 2547 secl.
957 2507 1151 2546 Iahnius.

179 2601 270 2644 194
