1802 2942
626 139 1021 187 CORNELIUS
1066 138 1287 187 NEPOS

208 268 354 316 Sorte
371 271 680 330 provinciam
696 275 875 315 nactus
894 267 1194 331 Hispaniam
1209 269 1515 323 citeriorem,
1532 282 1698 330 exque

159 343 184 381 2
207 352 268 382 ea
305 335 622 398 triumphum
661 335 967 398 deportavit.
1037 334 1115 382 Ibi
1154 352 1270 381 cum
1309 335 1498 381 diutius
1537 351 1700 381 mora-

208 410 367 459 retur,
407 402 461 448 P.
504 401 669 464 Scipio
708 401 977 449 Africanus
1015 401 1190 449 consul
1225 404 1431 458 iterum,
1469 404 1609 448 cuius
1646 404 1700 447 in

209 472 374 532 priore
423 468 690 516 consulatu
738 476 979 532 quaestor
1025 468 1213 524 fuerat,
1261 468 1422 515 voluit
1469 485 1586 515 eum
1635 468 1700 515 de

210 539 465 599 provincia
491 536 749 599 depellere
778 543 831 583 et
856 539 966 599 ipse
994 538 1041 582 ei
1067 536 1368 590 succedere3
1410 551 1580 599 neque
1605 534 1701 581 hoc

210 620 302 666 per
349 610 586 650 senatum
634 603 832 650 efficere
879 606 1068 666 potuit,
1116 620 1232 649 cum
1281 603 1488 666 quidem
1535 601 1701 664 Scipio

210 674 551 733 principatum
593 673 647 716 in
690 673 898 717 civitate
943 671 1220 726 obtineret,
1264 670 1401 733 quod
1443 677 1556 717 tum
1599 686 1702 715 non

210 741 461 800 potentia,
484 737 576 784 sed
595 741 705 783 iure
727 753 808 784 res
830 737 1033 800 publica
1055 737 1522 784 administrabatur.
1588 736 1704 795 Qua

212 821 276 851 ex
302 821 357 851 re
383 807 542 851 iratus
569 807 789 860 senatui,
814 804 1081 852 consulatu
1099 804 1119 834 1
1144 811 1372 867 peracto,
1397 806 1624 866 privatus
1649 806 1703 849 in

161 879 186 918 3
210 873 335 918 urbe
371 875 575 918 mansit.
643 873 716 918 At
754 871 900 926 Cato,
937 888 1116 918 censor
1151 888 1267 918 cum
1304 872 1487 918 eodem
1522 870 1702 917 Flacco

210 938 395 994 factus,
421 955 596 985 severe
621 937 847 1001 praefuit
873 942 920 985 ei
944 940 1223 1001 potestati3
1265 955 1385 985 nam
1412 945 1466 985 et
1490 940 1545 984 in
1569 954 1704 985 com-

211 1006 380 1068 plures
414 1006 608 1052 nobiles
643 1006 1006 1053 animadvertit
1039 1012 1094 1052 et
1126 1005 1314 1052 multas
1347 1021 1428 1051 res
1461 1021 1617 1051 novas
1650 1008 1703 1051 in

212 1074 437 1120 edictum
471 1073 670 1120 addidit
703 1089 804 1135 qua
836 1089 891 1119 re
924 1073 1126 1119 luxuria
1156 1075 1539 1135 reprimeretur,
1571 1088 1703 1135 quae

159 1147 187 1184 4
207 1143 309 1186 iam
340 1147 452 1187 tum
482 1140 760 1202 incipiebat
789 1139 1054 1202 pullulare.
1122 1139 1335 1187 Circiter
1369 1156 1525 1186 annos
1566 1146 1705 1186 octo-

211 1211 373 1271 ginta,
400 1223 561 1270 usque
589 1207 655 1254 ad
681 1214 967 1254 extremam
993 1214 1223 1253 aetatem
1249 1207 1314 1253 ab
1341 1206 1704 1261 adulescentia,

210 1277 285 1321 rei
313 1274 546 1336 publicae
576 1291 729 1321 causa
756 1277 1011 1337 suscipere
1039 1276 1328 1320 inimicitias
1355 1291 1458 1320 non
1486 1274 1704 1321 destitit.

211 1342 259 1388 A
285 1341 457 1388 multis
483 1348 789 1404 temptatus,
813 1358 915 1388 non
940 1341 1091 1388 modo
1117 1341 1312 1387 nullum
1336 1341 1705 1388 detrimentum

212 1411 602 1455 existimationis
631 1407 773 1464 fecit,
803 1409 895 1456 sed
924 1409 1094 1472 quoad
1122 1411 1250 1455 vixit
1277 1410 1526 1455 virtutum
1552 1407 1705 1455 laude

212 1479 385 1522 erevit.

274 1541 321 1592 3.
359 1542 419 1588 In
445 1543 677 1588 omnibus
701 1543 853 1590 rebus
878 1541 1120 1606 singulari
1145 1541 1244 1589 fuit
1266 1541 1544 1597 industria3
1585 1558 1705 1589 nam

212 1616 266 1655 et
314 1609 533 1673 agricola
579 1608 752 1656 sollers
801 1617 855 1656 et
900 1613 1095 1672 peritus
1117 1610 1136 1639 2
1179 1612 1300 1656 iuris
1346 1609 1605 1656 consultus
1652 1615 1706 1656 et

209 1693 424 1740 magnus
463 1679 742 1739 imperator
782 1683 836 1723 et
874 1676 1147 1739 probabilis
1187 1683 1357 1723 orator
1397 1683 1451 1723 et
1489 1676 1707 1739 cupidis-

158 1750 183 1788 2
206 1747 361 1790 simus
391 1743 679 1790 litterarum
709 1742 825 1790 fuit.
893 1743 1122 1802 Quarum
1152 1744 1379 1790 studium
1411 1746 1508 1790 etsi
1538 1746 1706 1790 senior

211 1811 522 1872 adripuerat,
552 1818 730 1857 tamen
757 1817 963 1857 tantum
992 1827 1315 1874 progressum
1344 1809 1486 1866 fecit,
1515 1817 1575 1857 ut
1603 1827 1706 1857 non

211 1876 359 1924 facile
401 1880 612 1940 reperiri
653 1880 813 1940 possit
855 1894 1024 1940 neque
1068 1878 1132 1925 de
1178 1877 1384 1924 Graecis
1427 1893 1597 1940 neque
1639 1877 1705 1925 de

159 1950 184 1990 3
207 1944 396 1991 Italicis
419 1946 570 1991 rebus
595 1945 732 2007 quod
755 1947 802 1992 ei
824 1943 980 1992 fuerit
1001 1948 1333 2008 incognitum.
1401 1945 1485 1992 Ab
1508 1943 1706 1992 adules-

209 2014 380 2059 centia
416 2010 637 2058 confecit
672 2014 944 2059 orationes.
1011 2011 1180 2059 Senex
1216 2011 1450 2059 historias
1486 2013 1706 2059 scribere

207 2081 448 2126 instituit.
516 2079 706 2125 Earum
748 2086 869 2126 sunt
910 2079 1024 2126 libri
1065 2086 1282 2142 septem.
1351 2078 1547 2126 Primus
1589 2095 1707 2126 con-

426 2215 442 2240 1
471 2215 716 2261 consulatu,
736 2214 869 2255 added
888 2214 940 2266 by
960 2215 1133 2257 Rosius.

421 2269 437 2293 ²
467 2270 647 2320 peritus,
671 2269 815 2316 Klotz;
853 2271 915 2308 rei
937 2269 1136 2321 publicae
1158 2269 1338 2321 peritus,
1362 2268 1497 2309 MSS.

267 2398 284 2423 1
313 2398 403 2437 Τὴε
420 2398 605 2438 censor-’s
620 2398 736 2438 edict
750 2399 983 2438 contained
997 2412 1229 2438 numerous
1243 2398 1449 2450 standing
1463 2398 1705 2450 provisions

211 2451 406 2501 (edictum
433 2452 705 2502 tralaticium)
733 2452 908 2492 handed
935 2453 1062 2492 down
1088 2453 1201 2492 from
1229 2452 1296 2492 his
1322 2452 1630 2505 predecessors,
1657 2456 1706 2492 to

209 2505 349 2545 which
367 2518 461 2545 new
479 2518 582 2545 ones
599 2519 708 2545 were
726 2506 870 2546 added
886 2506 996 2546 from
1016 2507 1122 2546 time
1140 2510 1187 2546 to
1204 2507 1325 2546 time.

208 2586 299 2642 650
