1802 2942
626 145 1020 194 CORNELIUS
1067 144 1288 194 NEPOS

207 282 410 323 tantum
444 273 541 320 fuit
575 275 747 321 odium
780 273 1140 329 multitudinis,
1173 280 1233 320 ut
1265 290 1416 320 nemo
1449 290 1598 321 ausus
1632 277 1699 322 sit

208 360 324 390 eum
352 342 478 389 liber
505 341 735 403 sepelire.
806 341 989 404 Itaque
1019 357 1048 387 a
1075 344 1228 388 servis
1256 340 1484 403 sepultus
1512 348 1606 389 est.

686 497 798 544 XX.
834 497 1207 545 TIMOLEON

270 595 316 646 1.
353 595 614 643 Timoleon
685 594 988 642 Corinthius.
1075 594 1193 642 Sine
1263 595 1416 642 dubio
1485 612 1698 660 magnus

208 667 446 712 omnium
467 664 668 715 iudicio
685 662 764 709 hic
800 666 873 709 vir
910 665 1124 709 exstitit.
1194 662 1428 726 Namque
1463 662 1579 710 huic
1614 666 1701 710 uni

208 735 441 794 contigit,
471 731 606 793 quod
633 733 801 776 nescio
830 747 893 776 an
921 729 1081 785 nulli,1
1109 737 1167 776 ut
1196 738 1250 776 et
1275 733 1496 791 patriam
1521 733 1573 777 in
1601 747 1702 794 qua

210 806 321 846 erat
367 805 535 854 natus,
584 813 899 860 oppressam
924 813 953 843 a
1000 804 1217 875 tyianno
1263 797 1521 854 liberaret,
1569 804 1623 845 et
1669 814 1701 844 a

208 866 549 931 Syracusanis,
572 866 752 927 quibus
774 857 964 917 auxilio
982 871 1092 927 6131
1112 867 1309 919 missus,
1330 867 1431 910 iam
1451 867 1703 912 invetera-

208 942 316 980 tam
340 936 641 979 servitutem
665 923 947 994 depelleret
970 938 1235 994 totamque
1259 900 1494 987 Siciliam,
1517 931 1701 981 multos

209 1017 365 1047 annos
399 999 532 1046 bello
567 1006 807 1045 vexatam
842 1015 871 1044 3
904 999 1232 1061 barbarisque
1268 1015 1578 1065 oppressam,
1611 1015 1701 1046 5110

210 1068 434 1115 adventu
465 1070 516 1112 in
547 1069 818 1128 pristinum
849 1069 1160 1113 165111116161.

156 1143 180 1182 2
270 1134 371 1181 Sed
401 1137 453 1180 in
483 1133 559 1180 his
591 1135 741 1180 rebus
773 1150 875 1182 non
906 1133 1117 1195 simplici
1149 1131 1355 1179 fortuna
1384 1132 1702 1181 conflictatus

211 1210 289 1249 est
326 1209 397 1256 et,
428 1201 480 1247 id
511 1201 647 1263 quod
677 1200 921 1247 difficilius
960 1207 1190 1263 putatur,
1220 1200 1381 1247 multo
1423 1203 1701 1263 sapientius

154 1277 180 1318 3
206 1269 325 1316 tulit
341 1268 617 1315 secundam
637 1284 790 1330 quam
811 1268 1074 1314 adversam
1093 1266 1365 1314 fortunam.
1436 1267 1568 1314 Nam
1587 1285 1703 1315 cum

209 1335 366 1383 frater
405 1339 510 1382 eius
547 1334 904 1398 Timophanes,
941 1335 1045 1382 dux
1083 1351 1113 1381 a
1150 1334 1419 1382 Corinthiis
1457 1334 1703 1391 delectus,

208 1404 534 1468 tyrannidem
591 1419 681 1465 per
737 1402 923 1449 milites
980 1405 1350 1449 mercennarios
1407 1410 1705 1465 occupasset

208 1474 563 1534 particepsque
596 1473 740 1533 regni
771 1473 880 1532 ipse
912 1477 1085 1532 posset
1118 1486 1246 1526 6556,
1277 1477 1481 1517 tantum
1503 1469 1644 1518 'afuit
1676 1487 1706 1517 a

209 1542 454 1586 societate
513 1537 731 1593 sceleris,
788 1544 847 1584 ut
904 1534 1248 1584 antetulerit
1261 1540 1444 1591 civium
1499 1554 1705 1585 suorum

209 1606 503 1653 libertatem
528 1603 696 1651 fratris
723 1604 873 1651 saluti
900 1612 953 1651 61
986 1621 1165 1667 parere
1202 1603 1399 1668 legibus
1437 1621 1590 1676 quam
1613 1608 1703 1652 im-

155 1680 182 1718 4
206 1690 385 1736 perare
410 1675 607 1735 patriae
633 1675 790 1718 satius
817 1673 1036 1719 duxerit.
1107 1672 1217 1718 Hac
1241 1671 1417 1719 mente
1441 1688 1534 1734 per
1556 1671 1704 1719 haru-

211 1744 401 1803 spicem
431 1755 856 1802 communemque
885 1739 1124 1794 adfinem,
1152 1742 1232 1785 cui
1260 1756 1397 1786 soror
1427 1755 1491 1785 ex
1525 1740 1705 1786 iisdem

206 1808 502 1871 parentibus
528 1814 650 1853 nata
674 1814 837 1869 nupta
863 1814 989 1862 erat,
1015 1805 1226 1852 fratrem
1250 1814 1528 1869 tyrannum
1550 1810 1706 1853 inter-

211 1875 485 1921 ficiundum
502 1876 711 1920 curavit.
781 1873 897 1935 Ipse
915 1890 1017 1920 non
1031 1874 1182 1920 modo
1200 1891 1377 1920 manus
1394 1890 1497 1920 non
1514 1874 1706 1930 attulit,

211 1942 302 1989 56(1
333 1958 397 1988 116
425 1945 647 2003 aspicere
669 1942 875 2004 quidem
900 1939 1182 1987 fraternum
1206 1943 1506 2004 sanguinem
1531 1941 1704 1989 voluit.

212 2009 344 2056 Nam
377 2009 498 2056 dum
530 2025 608 2055 res
641 2008 989 2064 conficeretur,
1020 2007 1194 2070 procul
1225 2010 1277 2054 in
1308 2008 1559 2070 praesidio
1592 2007 1707 2066 fuit,

212 2094 277 2124 ne
304 2080 413 2139 quis
439 2076 642 2122 satelles
666 2083 840 2138 posset
864 2092 1169 2122 succurrere.

272 2225 288 2250 ¹
318 2225 440 2270 nulli,
461 2225 510 2263 7r1
533 2226 579 2273 (n
599 2223 750 2264 deleted
769 2223 821 2274 by
841 2223 988 2264 second
1008 2223 1153 2273 hand),
1174 2223 1376 2270 Lambin3
1415 2224 1507 2271 ulli,
1525 2224 1660 2266 MSS.
1690 2273 1693 2275 ¹

274 2365 292 2390 1
322 2364 444 2405 Since
465 2365 517 2403 he
530 2364 617 2403 had
637 2363 745 2403 been
764 2363 975 2403 executed
994 2363 1061 2403 for
1080 2363 1182 2415 high
1202 2367 1390 2409 treason,
1410 2363 1464 2402 he
1483 2364 1610 2403 could
1629 2374 1708 2404 not

218 2419 270 2458 be
291 2418 443 2457 buried
463 2419 615 2457 within
635 2418 709 2457 the
728 2418 863 2457 limits
884 2418 928 2458 of
947 2418 1119 2464 Attica3
1149 2430 1218 2457 see
1241 2417 1332 2457 val.
1353 2417 1469 2457 Max.
1492 2431 1534 2457 v.
1555 2419 1594 2459 3.
1615 2422 1706 2458 ext.

220 2475 268 2519 33
305 2472 419 2511 Plut.
441 2472 566 2511 Phoc.
589 2473 655 2512 37.

275 2526 290 2550 2
322 2527 401 2566 365
421 2538 467 2564 01
487 2527 567 2565 364
587 2536 671 2565 Β.6.

215 2606 306 2660 604
