1747 2912
102 267 128 307 7

78 972 149 1013 111,

536 131 590 179 L.
642 131 974 178 ANNAEUS
1022 130 1292 178 FLORUS

166 267 243 307 est
291 264 489 323 imperii
536 263 911 322 patrimonium,
951 260 1311 321 subprimebat,
1353 265 1407 306 et
1454 262 1645 321 emptio

161 338 404 384 frumenti
463 340 595 399 ipsos
650 340 723 382 rei
774 336 1002 398 publicae
1064 351 1242 382 nervos
1301 335 1644 393 exhauriebat,

161 419 435 469 aerarium;
487 421 540 461 et
583 413 756 460 reduci
797 413 940 475 plebs
987 417 1040 458 in
1078 428 1222 474 agros
1273 412 1408 459 unde
1447 419 1647 475 poterat

163 497 268 538 sine
317 491 683 554 possidentium
727 494 1004 546 eversione,
1052 492 1137 552 qui
1179 492 1274 550 ipsi
1310 505 1424 551 pars
1474 490 1647 552 populi

163 576 324 627 erant,
349 576 402 615 et
437 573 534 614 iam
554 567 574 596 1
599 568 798 614 relictas
835 568 928 613 sibi
952 584 981 612 a
1004 567 1271 613 maioribus
1296 566 1442 614 sedes
1477 573 1647 614 aetate

164 650 303 709 quasi
327 650 433 692 iure
459 645 821 708 possidebant?

510 855 576 903 ΙΙ.
630 855 832 902 SEDITIO
868 854 1045 901 Tmmu
1084 854 1313 900 GRACCHI

168 955 229 1002 14
269 955 472 1001 pamm
500 957 832 1000 certaminum
863 952 1025 999 facem
1055 952 1155 998 Ti.2
1183 952 1438 998 Gracchus
1474 967 1652 999 accen-

170 1033 264 1090 dit,
289 1048 493 1095 genere,
519 1031 694 1088 forma,
721 1030 1012 1093 eloquentia
1048 1029 1194 1076 facile
1231 1033 1479 1092 princeps.
1553 1029 1654 1076 Sed

169 1110 266 1167 hic,
321 1114 423 1155 sive
482 1109 833 1154 Mancinianae
889 1107 1178 1165 deditionis,
1235 1107 1386 1169 quia3
1446 1123 1654 1169 sponsor

169 1187 387 1234 foederis
412 1187 595 1244 fuerat,
621 1189 913 1247 contagium
949 1188 1135 1231 timens
1161 1191 1215 1231 et
1239 1185 1359 1231 inde
1384 1185 1658 1246 popularis,

168 1269 271 1312 sive
301 1281 461 1327 aequo
481 1267 540 1310 'et
564 1265 696 1309 bono
720 1262 918 1319 ductus,
945 1266 1062 1324 quia
1085 1262 1348 1323 depulsam
1384 1266 1515 1324 agris
1552 1265 1653 1308 suis

169 1343 372 1405 plebem
413 1346 677 1387 miseratus
711 1346 805 1396 est,
847 1340 934 1400 [ne
973 1339 1188 1401 populus
1228 1343 1460 1401 gentium
1497 1342 1657 1385 victor

169 1422 401 1482 orbisque
435 1435 688 1481 possessor
727 1418 912 1463 laribus
948 1434 1005 1463 ac
1041 1417 1162 1463 focis
1211 1420 1311 1463 suis
1354 1414 1660 1482 exularet,]4

169 1514 483 1560 quacumque
508 1502 683 1542 mente
716 1512 823 1541 rem
860 1511 1007 1540 ausus
1043 1498 1309 1557 ingentem
1346 1501 1437 1541 est.
1515 1494 1654 1541 Post-

171 1573 354 1638 quam5
416 1576 689 1635 rogationis
748 1572 856 1619 dies
916 1572 1110 1630 aderat,
1169 1575 1369 1634 ingenti
1440 1575 1654 1634 stipatus

170 1656 372 1714 agmine
415 1659 573 1698 rostra
613 1649 923 1707 conscendit,
966 1666 1061 1696 nec
1100 1649 1277 1696 deerat
1324 1650 1470 1695 obvia
1505 1665 1658 1695 manu

173 1737 283 1776 tota
306 1730 425 1776 inde
451 1728 685 1775 nobilitas
709 1744 719 1783 ;
757 1735 810 1774 et
843 1729 1033 1774 tribuni
1058 1730 1111 1772 in
1135 1728 1374 1789 partibus.
1449 1726 1550 1774 Sed
1574 1727 1660 1773 ubi

172 1807 581 1854 intercedentem
651 1805 849 1867 legibus
907 1808 1007 1851 suis
1076 1805 1127 1850 C.
1193 1804 1459 1850 Octavium
1519 1803 1660 1851 videt

173 1884 447 1942 Gracchus,
474 1890 647 1929 contra
672 1883 744 1929 fas
776 1883 993 1944 collegii,
1023 1885 1098 1928 ius
1115 1882 1135 1912 ⁰
1164 1885 1447 1944 potestatis,
1474 1885 1662 1929 iniecta

392 1992 408 2016 ¹
437 1996 483 2030 et
502 1991 587 2030 iam
610 1991 792 2029 Iahnius
812 2004 821 2029 z
853 1993 898 2029 et
919 1993 1010 2029 tam
1029 1990 1093 2029 B:
1129 1993 1175 2029 et
1197 1995 1343 2028 tamen
1364 1989 1454 2029 NL.

392 2046 408 2070 ²
439 2045 503 2084 Ti.
529 2045 625 2083 add.
648 2045 802 2083 Aldus.

391 2100 407 2123 ³
437 2098 690 2145 dedit-ionis,
713 2098 841 2149 quia:
875 2096 1104 2136 seditionis
1126 2110 1213 2149 qua.
1231 2097 1282 2136 B.

393 2154 409 2177 ⁴
438 2167 491 2191 ne
512 2151 960 2204 populus—exularet
980 2152 1069 2190 secl.
1094 2152 1310 2192 Gruterus.

392 2206 408 2230 ⁵
438 2213 518 2246 est.
540 2211 774 2257 postquam
794 2206 1024 2245 Halmius:
1055 2204 1131 2244 sed
1151 2209 1385 2256 postquam
1405 2205 1457 2244 B.

392 2260 408 2284 ⁶
438 2261 532 2300 ius:
563 2260 670 2298 iuris
690 2260 742 2298 B.

231 2370 247 2394 ¹
276 2368 354 2409 See
375 2383 414 2421 p.
445 2369 533 2408 153.

232 2423 248 2447 ²
277 2423 415 2462 These
445 2421 589 2461 words
619 2433 748 2460 occur
775 2420 822 2459 in
841 2420 918 2460 the
947 2419 1148 2473 previous
1178 2418 1361 2472 chapter
1388 2418 1476 2459 and
1504 2417 1662 2459 should

172 2476 387 2530 probably
408 2476 460 2516 be
479 2473 667 2516 omitted
686 2474 802 2515 here.

175 2569 269 2600 222
