1747 2912
67 600 112 639 ll

67 1063 117 1102 12

70 1450 117 1489 13

69 1605 120 1644 14

72 1991 119 2030 15

514 154 568 200 L.
621 153 955 200 ANNAEUS
1007 152 1276 200 FLORUS

150 290 430 346 parentem,
479 280 739 327 obsidione
791 297 848 326 ac
907 279 1040 326 fame
1093 279 1157 326 ad
1209 279 1454 325 humanos
1502 278 1637 324 cibos

152 360 408 422 conpulit3
476 375 592 404 mox
652 359 888 404 subrutus
951 357 1113 403 Piraei
1171 363 1345 418 portus
1404 372 1492 402 sex
1550 361 1638 402 aut

150 438 361 499 amplius
396 439 550 481 muris
587 439 794 481 cinctus.
870 434 1138 496 Postquam
1176 433 1439 479 domuerat
1472 436 1637 494 ingra-

151 518 367 561 tissimos
393 512 671 569 hominum,
696 518 885 567 tamen,
911 518 969 556 ut
1005 514 1111 572 ipse
1148 510 1295 567 dixit,
1319 513 1371 555 in
1396 509 1638 555 honorem

150 598 462 637 mortuorum
487 592 636 635 sacris
662 592 762 634 suis
799 588 1062 650 famaeque
1087 588 1305 633 donavit.
1381 587 1501 632 Mox
1526 603 1639 632 cum

153 669 358 715 Euboea
395 675 547 729 atque
597 667 806 712 Boeotia
852 665 1098 727 praesidia
1144 668 1276 726 regis
1324 661 1640 726 depulisset,1

153 750 313 792 omnis
357 748 521 806 copias
564 760 665 789 uno
707 742 842 804 apud
890 742 1236 798 Chaeroniam,
1278 741 1413 803 apud
1449 741 1640 787 Orcho-

151 839 338 869 menon
380 822 539 867 altero
583 820 717 866 bello
759 819 1037 882 dissipavit,
1074 823 1346 881 statimque
1381 822 1435 863 in
1469 818 1641 864 Asiam

150 908 490 961 transgressus
515 902 679 959 ipsum
716 901 972 959 opprimit.
1045 897 1112 942 Et
1147 895 1459 942 debellatum
1492 895 1639 952 foret,

153 980 247 1023 nisi
308 976 372 1022 de
434 975 736 1020 Mithridate
796 973 1109 1035 triumphare
1169 976 1270 1019 cito
1328 989 1477 1034 quam
1522 988 1641 1018 vere

152 1054 425 1101 maluisset.
524 1053 597 1098 Ac
651 1058 760 1098 tum
810 1051 1015 1113 quidem
1069 1050 1203 1096 hunc
1253 1051 1404 1096 Asiae
1453 1056 1641 1096 statum

155 1132 292 1179 Sulla
329 1130 556 1176 dederat.
632 1129 797 1175 Ictum
823 1146 936 1175 cum
976 1128 1196 1174 Ponticis
1231 1127 1426 1185 foedus,
1449 1130 1643 1189 recepit

155 1209 445 1271 Bithyniam
463 1206 525 1252 a2
550 1223 670 1268 rege
699 1205 1014 1264 Nicomedes,
1035 1206 1396 1251 Ariobarzanes
1414 1204 1434 1234 3
1451 1205 1642 1266 Cappa-

153 1287 367 1342 dociam,
394 1286 514 1331 Asia
540 1300 708 1330 rursus
733 1290 921 1341 nostra,
946 1290 1004 1329 ut
1040 1289 1292 1344 coeperat,
1320 1282 1642 1328 Mithridates

156 1371 358 1411 tantum
375 1362 395 1392 4
420 1362 661 1424 repulsus.
715 1361 894 1423 Itaque
919 1377 1021 1406 non
1046 1360 1200 1422 fregit
1219 1376 1277 1406 ea
1295 1376 1374 1406 res
1394 1359 1643 1417 Ponticos,

153 1441 241 1488 sed
277 1439 519 1487 incendit.
593 1438 795 1500 Quippe
832 1455 919 1484 rex
957 1439 1077 1483 Asia
1102 1444 1156 1483 et
1191 1437 1390 1499 Europa
1426 1436 1642 1499 quodam

152 1518 302 1564 modo
340 1521 592 1563 inescatus
631 1532 733 1561 non
774 1519 872 1561 iam
922 1518 1062 1578 quasi
1104 1514 1334 1571 alienas,5
1386 1514 1491 1571 sed,
1528 1518 1644 1576 quia

154 1599 404 1652 amiserat,
429 1597 570 1656 quasi
595 1592 798 1655 raptas5
837 1593 958 1639 belli
993 1596 1101 1638 iure
1126 1593 1406 1654 repetebat.
1481 1591 1644 1653 Igitur

156 1680 214 1720 ut
251 1676 477 1719 extincta
503 1688 678 1734 parum
715 1670 934 1717 fideliter
967 1669 1201 1716 incendia
1225 1673 1412 1715 maiore
1447 1668 1644 1715 flamma

156 1754 493 1806 revivescunt,
529 1753 600 1794 ita
636 1748 723 1794 ille
767 1748 831 1794 de
868 1751 1085 1809 integro,
1123 1750 1281 1793 auctis
1317 1750 1557 1793 maiorem
1591 1750 1644 1792 in

156 1827 362 1873 modum
389 1829 559 1887 copiis,
585 1832 694 1871 tota
720 1825 941 1886 denique
967 1827 1111 1886 regni
1137 1827 1212 1870 sui
1236 1823 1369 1870 mole
1394 1827 1447 1869 in
1473 1823 1643 1870 Asiam

157 1920 324 1950 rursus
349 1906 472 1948 mari
497 1909 632 1949 terra
655 1902 1042 1964 fluminibusque
1068 1901 1318 1947 veniebat.

225 1980 471 2044 Cyzicus,⁶
518 1980 699 2026 nobilis
754 1982 944 2036 civitas,
992 1995 1123 2036 arce,
1169 1979 1450 2036 moenibus,
1496 1985 1643 2040 portu

157 2060 477 2120 turribusque
501 2060 791 2103 marmoreis
829 2057 1082 2102 Asiaticae
1108 2055 1288 2118 plagae
1322 2055 1469 2102 litora
1490 2056 1644 2103 inlus-

157 2142 270 2183 trat.
338 2136 486 2180 Hanc
512 2134 598 2181 ille
625 2137 764 2197 quasi
788 2133 1001 2180 alteram
1029 2134 1236 2179 Romam
1261 2139 1371 2179 toto
1394 2136 1645 2180 invaserat

215 2274 231 2298 ²
262 2272 531 2323 depulisset:
559 2271 816 2323 dispulisset
836 2269 923 2312 BL.
1103 2270 1121 2296 ²
1150 2284 1199 2311 a:
1231 2275 1276 2310 et
1295 2271 1346 2313 B.

215 2327 232 2352 ³
262 2326 536 2372 Nicomedes,
555 2325 872 2365 Ariobarzanes
889 2338 898 2365 :
928 2324 1184 2364 nichomede
1200 2324 1430 2364 abariobar
1446 2337 1575 2364 zenae
1590 2326 1642 2365 B.

215 2382 232 2405 ⁴
259 2386 434 2419 tantum
453 2396 461 2419 :
493 2384 647 2419 tantus
667 2381 716 2419 B.

213 2434 229 2459 ⁵
260 2434 424 2473 alienas
454 2463 463 2473 .
498 2464 507 2473 .
547 2464 555 2473 .
587 2437 736 2485 raptas
755 2435 927 2483 scripsi:
959 2432 1146 2472 alienam
1175 2462 1185 2472 .
1224 2463 1235 2474 .
1265 2462 1276 2473 .
1311 2437 1484 2484 raptam
1504 2433 1617 2474 codd.

215 2488 230 2512 ⁶
261 2488 444 2539 Cyzicus
469 2502 477 2524 ·.
503 2488 679 2527 cizicus
699 2488 761 2528 B:
794 2487 999 2540 Cyzicum
1020 2486 1114 2527 NL.

166 2566 254 2610 182
