1747 2912
509 141 563 187 L.
615 141 952 188 ANNAEUS
1005 141 1274 189 FLORUS

146 275 394 314 motarum
419 275 629 323 matura,
656 276 714 315 ut
737 273 789 314 in
813 269 903 314 tali
928 268 1230 325 discrimine,
1246 284 1383 315 mors
1404 268 1624 314 abstulit.

147 335 255 381 Nec
297 335 412 381 ideo
461 333 666 400 [minus]
683 334 704 364 1
742 339 861 382 socii
908 339 1147 396 promissa
1195 335 1346 381 Drusi
1381 352 1410 380 a
1445 335 1630 398 populo

148 402 370 448 Romano
395 418 657 464 reposcere
681 406 829 448 armis
853 402 1123 448 desierunt.

448 612 532 659 VI.
591 613 791 658 BELLVM
829 613 1104 657 Anvsnva
1142 611 1311 658 Socms

58 715 127 757 111,
147 699 206 747 18
244 699 451 747 SOCIALE
506 699 696 746 bellum
746 707 954 746 vocetur
1008 700 1145 756 licet,
1193 706 1250 746 ut
1299 705 1631 746 extenuemus

145 767 400 823 invidiam,
450 770 489 812 si
548 783 720 813 verum
782 773 955 813 tamen
1003 767 1246 823 volumus,
1302 766 1427 812 illud
1486 765 1631 811 civile

147 834 336 880 bellum
362 835 469 880 fuit.
525 833 727 895 Quippe
744 850 857 879 cum
873 833 1087 895 populus
1106 834 1356 879 Romanus
1377 833 1630 888 Etruscos,

146 900 352 947 Latinos
390 901 699 963 Sabinosque
725 902 819 947 sibi
842 904 1101 946 miscuerit
1127 906 1180 946 et
1203 917 1360 946 unum
1386 916 1447 946 ex
1473 902 1630 945 omni-

146 969 237 1014 bus
262 971 558 1030 sanguinem
583 967 751 1024 ducat,
771 984 948 1029 corpus
972 967 1095 1014 fecit
1132 983 1193 1013 ex
1229 968 1466 1013 membris
1491 973 1544 1013 et
1569 982 1632 1012 ex

85 1041 110 1079 2
147 1037 376 1081 omnibus
416 1051 544 1081 unus
583 1041 660 1080 est
682 1051 693 1090 ;
730 1051 824 1080 nec
872 1038 1064 1081 minore
1112 1033 1303 1095 flagitio
1345 1037 1464 1080 socii
1499 1037 1633 1079 intra

87 1110 111 1149 3
149 1102 347 1148 Italiam
372 1119 520 1164 quam
544 1105 677 1148 intra
705 1103 878 1148 urbem
903 1106 1034 1148 cives
1060 1101 1387 1148 rebellabant.
1449 1101 1629 1163 Itaque

147 1186 260 1215 cum
318 1173 392 1215 ius
463 1172 694 1226 civitatis,
754 1185 904 1231 quam
962 1170 1148 1215 viribus
1200 1174 1460 1225 auxerant,
1510 1171 1629 1214 socii

145 1240 413 1282 iustissime
449 1236 782 1297 postularent,
818 1252 967 1298 quam
1000 1239 1053 1281 in
1089 1251 1230 1297 spem
1267 1251 1350 1281 eos
1388 1234 1630 1297 cupidine

90 1312 115 1348 4
151 1304 504 1349 dominationis
547 1303 740 1349 Drusus
783 1310 1028 1360 erexerat,
1081 1309 1347 1364 postquam
1401 1302 1490 1348 ille
1538 1301 1626 1347 do-

147 1374 355 1417 mestico
376 1370 566 1416 scelere
594 1386 857 1432 oppressus
883 1377 977 1427 est,
1004 1370 1182 1416 eadem
1206 1369 1305 1425 fax,
1332 1385 1460 1432 quae
1484 1368 1628 1414 illum

147 1441 403 1494 cremavit,
443 1441 597 1483 socios
637 1441 690 1483 in
737 1454 873 1482 arma
926 1443 979 1483 et
1022 1440 1451 1499 expugnationem
1499 1436 1633 1482 urbis

88 1513 114 1551 5
149 1505 392 1551 accendit.
469 1504 603 1562 Quid
625 1504 718 1550 hac
744 1504 886 1550 clade
910 1506 1139 1551 tristius?
1211 1503 1348 1561 Quid
1373 1503 1629 1549 calamito-

149 1573 285 1618 sius?
358 1572 481 1617 Cum
512 1588 660 1617 omne
702 1570 904 1617 Latium
942 1578 1095 1633 atque
1138 1570 1395 1627 Picenum,
1432 1570 1634 1616 Etruria

148 1642 308 1684 omnis
367 1646 519 1700 atque
581 1639 867 1699 Campania,
926 1645 1181 1700 postremo
1243 1637 1389 1684 Italia
1459 1643 1633 1683 contra

92 1713 117 1751 6
153 1713 366 1752 matrem
392 1722 528 1751 suam
553 1721 609 1750 ac
635 1712 899 1767 parentem
924 1706 1101 1751 urbem
1126 1710 1482 1766 consurgeret3
1519 1720 1631 1750 cum

149 1790 297 1818 omne
334 1774 483 1818 robur
519 1772 902 1818 fortissimorum
939 1772 1442 1834 fidelissimorumque
1478 1774 1632 1817 socio-

148 1857 260 1885 rum
301 1841 392 1885 sub
432 1843 530 1885 suis
573 1842 784 1901 quisque
823 1843 977 1900 signis
1021 1839 1269 1884 haberent
1311 1837 1634 1900 municipalia

148 1907 233 1952 illa
258 1906 498 1968 prodigia,
529 1906 842 1968 Poppaedius
858 1906 877 1935 2
899 1906 1089 1952 Marsos
1114 1912 1167 1952 et
1201 1904 1633 1967 <Paelignos>³,

149 1974 354 2020 Latinos
380 1972 659 2028 Afranius,4
685 1973 894 2019 Vmbros
923 1971 1152 2028 Plotius,5
1178 1972 1424 2034 Egnatius
1455 1972 1628 2018 Etrus-

92 2047 115 2087 7
149 2041 270 2098 cos,⁶
296 2039 552 2086 Samnium
582 2041 953 2102 Lucaniamque
979 2039 1266 2100 Telesinus,
1292 2055 1405 2086 cum
1424 2039 1634 2101 regum⁷

205 2127 221 2150 1
251 2126 395 2165 minus
413 2127 575 2166 seclusi&
595 2126 847 2167 Perizonius

206 2181 221 2205 ²
249 2179 526 2232 Poppaedius
547 2179 618 2229 (cf.
642 2181 737 2220 Liv.
767 2193 853 2231 per.
874 2180 938 2228 76,
974 2180 1056 2220 CCI.
1067 2181 1114 2220 L.
1141 2192 1182 2222 X.
1202 2180 1297 2227 220,
1321 2180 1414 2227 417,
1439 2180 1628 2230 Appiam,

150 2236 257 2274 Bell.
281 2235 366 2273 Civ.
393 2234 428 2274 I.
453 2235 516 2282 40,
543 2236 677 2282 etc.):
707 2233 953 2286 poppedius
973 2234 1074 2273 BL:
1105 2233 1348 2286 poppedios
1368 2234 1426 2273 N.

204 2289 221 2314 ³
251 2288 481 2339 Paelignos
499 2288 596 2327 add.
622 2289 956 2327 Kellerbauerus.

206 2343 223 2367 ⁴
250 2341 486 2381 Afranius:
516 2341 724 2381 affranius
744 2342 812 2381 N:
842 2341 1035 2381 afrienus
1055 2343 1108 2380 B.

205 2396 221 2420 ⁵
252 2395 422 2435 Plotius
449 2397 637 2436 Tollius:
668 2399 786 2435 totos
805 2396 868 2435 B:
898 2400 1019 2435 totus
1038 2395 1131 2434 NL.

205 2449 221 2472 ⁶
253 2449 468 2500 Egnatius
488 2448 698 2489 Etruscos
717 2450 890 2500 Lipsius
907 2464 916 2489 τ
948 2453 1121 2488 senatos
1143 2452 1188 2487 et
1208 2447 1404 2488 consules
1423 2448 1473 2488 B.

208 2503 222 2526 ⁷
252 2516 429 2554 regum:
461 2516 606 2542 rerum
626 2504 690 2545 B:
721 2516 902 2555 regnum
921 2503 970 2543 L.

151 2573 240 2620 232
