1802 2942
601 158 655 204 L.
708 157 1041 204 ANNAEUS
1089 158 1361 206 FLORUS

236 286 488 332 Antonius
535 289 669 331 vario
715 289 922 348 ingenio
969 292 1056 332 aut
1115 302 1451 332 successorem
1499 286 1721 332 Caesaris

236 363 529 425 indignatur
555 363 823 410 Octavium
847 370 935 409 aut
965 379 1133 409 amore
1169 364 1463 425 Cleopatrae
1489 363 1722 410 desciscit

235 443 287 485 in
311 457 485 502 regem
505 440 525 468 1
565 441 659 469 ***
699 478 707 486 .
738 441 868 486 Nam
901 440 1049 487 aliter
1074 441 1237 487 salvus
1275 457 1383 487 esse
1410 457 1512 486 non
1537 444 1722 503 potuit,

185 526 210 564 5
235 522 329 564 nisi
354 518 664 580 confugisset
682 518 746 564 ad
772 522 1083 565 servitutem.
1159 518 1527 564 Gratulandum
1550 525 1724 565 tamen

235 603 293 642 ut
328 599 379 640 in
415 602 558 642 tanta
594 597 973 657 perturbatione
1010 603 1103 652 est,
1141 596 1275 658 quod
1311 599 1625 657 potissimum
1659 595 1724 642 ad

236 673 504 719 Octavium
541 673 802 720 Caesarem
828 674 1115 734 Augustum
1152 690 1344 719 summa
1379 690 1546 720 rerum
1574 673 1725 730 redit,

235 755 320 813 qui
357 754 603 812 sapientia
638 767 724 796 sua
760 758 912 813 atque
939 751 1159 797 sollertia
1193 751 1476 813 perculsum
1502 751 1725 813 undique

186 836 212 874 6
234 845 291 873 ac
317 829 667 890 perturbatum
700 828 950 874 ordinavit
981 832 1177 890 imperii
1208 845 1401 890 corpus,
1426 828 1560 891 quod
1589 828 1725 874 haud

235 906 387 952 dubie
429 923 702 968 numquam
735 909 867 952 coire
910 913 963 952 et
999 910 1284 952 consentire
1326 909 1589 968 potuisset,
1630 909 1726 952 nisi

236 987 381 1029 unius
406 984 647 1045 praesidis
667 991 794 1030 nutu
815 987 954 1046 quasi
979 987 1144 1029 anima
1171 991 1223 1030 et
1246 990 1422 1030 mente
1446 990 1721 1046 regeretur.

187 1068 210 1108 7
238 1062 407 1107 Marco
425 1064 647 1107 Antonio
675 1061 850 1107 Publio
871 1061 1135 1107 Dolabella
1151 1061 1436 1108 consulibus
1458 1065 1726 1123 imperium

239 1140 516 1185 Romanum
564 1143 662 1184 iam
709 1139 772 1184 ad
822 1139 1084 1185 Caesarem
1134 1138 1475 1186 transferente
1522 1139 1727 1185 fortuna

235 1220 396 1262 varius
433 1223 486 1262 et
521 1216 787 1278 multiplex
830 1223 995 1262 motus
1033 1220 1249 1263 civitatis
1291 1216 1400 1263 fuit.
1475 1215 1725 1279 Quodque

235 1299 286 1339 in
333 1311 498 1339 annua
547 1294 670 1340 caeli
718 1293 1082 1340 conversione²
1141 1294 1246 1341 fieri
1294 1294 1439 1351 solet,
1487 1301 1545 1340 ut
1589 1301 1727 1340 mota

184 1380 208 1418 8
234 1372 397 1418 sidera
431 1378 615 1418 tonent
650 1388 706 1416 ac
733 1388 845 1418 suos
881 1371 1037 1417 flexus
1076 1378 1385 1434 tempestate
1423 1371 1722 1434 significent,

235 1453 304 1496 sic
356 1456 466 1495 tum
529 1449 779 1495 Romanae
841 1449 1214 1507 dominationis,
1274 1449 1326 1495 id
1385 1456 1463 1496 est
1519 1449 1726 1495 humani

234 1531 449 1589 generis,
509 1530 834 1573 conversione
902 1530 1104 1589 penitus
1164 1530 1429 1574 intremuit
1487 1531 1724 1590 omnique

233 1621 422 1667 genere
469 1604 831 1661 discriminum,
879 1605 1122 1661 civilibuS‚
1173 1608 1413 1662 externis,
1451 1605 1714 1651 servilibus

234 1684 556 1729 terrestribus
585 1699 641 1728 ac
672 1683 930 1728 navalibus
964 1682 1110 1729 bellis
1135 1699 1283 1729 omne
1317 1686 1515 1744 imperii
1548 1698 1724 1745 corpus

235 1764 480 1822 agitatum
508 1767 597 1806 est.

638 2053 745 2099 XV.
787 2053 986 2100 BELLVM
1026 2054 1323 2099 ΜνΤῐΝΕΝεΕ

146 2164 282 2220 1111,4
322 2162 483 2207 Fama
516 2162 735 2208 civilium
767 2168 995 2208 motuum
1029 2179 1175 2208 causa
1210 2167 1574 2208 testamentum
1603 2161 1723 2208 Cae-

234 2244 352 2286 saris
377 2239 489 2296 fuit,
516 2243 655 2285 cuius
686 2239 935 2286 secundus
969 2239 1115 2286 heres
1150 2240 1421 2296 Antonius,
1445 2238 1723 2300 praelatum

234 2318 326 2364 sibi
353 2318 622 2363 Octavium
644 2316 831 2373 furens,
856 2317 1163 2378 inexpiabile
1195 2323 1370 2362 contra
1399 2315 1723 2378 adoptionem

333 2444 349 2468 ¹
375 2449 461 2494 post
480 2457 624 2495 regem
642 2445 828 2494 apatiam
849 2456 1027 2483 vacuum
1047 2448 1127 2482 octo
1147 2445 1311 2483 circiter
1328 2442 1567 2482 litterarum
1588 2443 1638 2483 B.

334 2498 349 2522 ²
380 2499 686 2538 conversione:
719 2498 1048 2537 conversatione
1068 2497 1121 2539 Β.

237 2589 330 2635 300
