1802 2942
619 176 1012 225 CORNELIUS
1057 175 1278 223 NEPOS

199 311 286 372 qui
312 305 602 370 praefectus
631 304 801 351 fuerat
830 306 1080 366 equitum,
1109 305 1246 348 omni
1273 304 1471 348 ratione
1497 300 1688 347 bellum

147 384 171 420 2
197 389 488 437 comparare
504 378 800 434 coeperunt.
868 370 970 416 Sed
986 386 1088 416 non
1103 368 1322 416 multum
1337 368 1687 430 proficiebant,

201 442 337 505 quod
360 440 638 486 multorum
662 454 909 485 annorum
932 439 1162 499 tyrannis
1177 435 1198 467 1
1221 452 1524 498 magnarum
1537 451 1688 497 opum

199 509 505 571 putabatur;
562 522 716 568 quam
754 505 819 551 ob
858 520 1063 550 causam
1100 505 1248 564 pauci
1287 503 1353 548 ad
1391 505 1687 548 societatem

149 586 174 624 3
197 574 406 638 periculi
436 573 864 636 perducebantur.
933 569 1034 616 Sed
1068 569 1221 625 Dion,
1254 567 1416 614 fretus
1448 585 1550 615 non
1583 575 1692 614 tam

201 646 301 690 suis
324 644 478 703 copiis
502 656 656 702 quam
678 639 793 685 odio
815 640 1038 701 tyranni,
1059 639 1283 682 maximo
1306 638 1473 681 animo
1496 635 1693 682 duabus

201 711 440 756 onerariis
473 708 685 753 navibus
721 707 1094 767 quinquaginta
1127 719 1374 749 annorum
1406 705 1694 764 imperium,

200 779 454 822 munitum
483 776 775 836 quingentis
803 771 966 834 longis
995 771 1225 825 navibUS‚
1254 770 1432 816 decem
1462 771 1694 831 equitum

201 850 511 904 centumque
540 841 773 902 peditum
802 838 1023 893 milibus,
1052 835 1310 898 profectus
1340 842 1694 898 oppugnatum

206 909 408 972 —quod
425 908 657 954 omnibus
676 906 915 969 gentibus
933 903 1229 950 admirabile
1245 909 1324 949 est
1337 902 1694 949 Visum—adeo

202 976 350 1024 facile
380 975 615 1038 perculit,
639 981 698 1019 ut
728 980 846 1035 post
877 972 1014 1018 diem
1044 974 1275 1026 tertium,
1299 986 1452 1032 quam
1475 968 1695 1015 Siciliam

205 1043 490 1106 attigerat,2
532 1040 803 1104 Syracusas
842 1041 1111 1084 introierit.
1179 1037 1259 1083 Ex
1312 1053 1413 1099 quo
1463 1036 1695 1099 intellegi

204 1118 377 1173 potest
427 1108 622 1155 nullum
662 1123 773 1154 esse
810 1108 1081 1168 imperium
1132 1111 1305 1151 tutum
1343 1106 1439 1149 nisi
1475 1104 1696 1150 benevo-

205 1179 365 1224 lentia
388 1179 658 1222 munitum.

153 1254 179 1290 4
265 1245 341 1290 Eo
365 1250 598 1305 tempore
623 1241 803 1287 aberat
827 1239 1102 1302 Dionysius
1132 1244 1186 1284 et
1221 1240 1275 1283 in
1305 1236 1457 1283 Italia
1483 1236 1696 1283 classem

205 1311 566 1374 opperiebatur
617 1308 1035 1361 adversariorum,
1087 1311 1228 1351 ratus
1279 1307 1537 1350 neminem
1587 1307 1696 1350 sine

205 1381 401 1441 magnis
455 1379 609 1437 copiis
664 1375 730 1421 ad
783 1390 837 1420 se
889 1380 1178 1419 venturum.
1246 1371 1392 1429 Quae
1444 1387 1525 1417 res
1579 1387 1697 1417 eum

155 1456 180 1493 5
204 1445 403 1492 fefellit.
484 1443 615 1488 Nam
668 1442 804 1487 Dion
855 1443 914 1486 iis
965 1442 1086 1502 ipsis
1139 1440 1226 1501 qui
1277 1439 1372 1484 sub
1424 1438 1697 1484 adversarii

205 1512 411 1559 fuerant
439 1516 701 1572 potestate
732 1510 897 1571 regios
930 1509 1135 1569 spiritus
1165 1508 1408 1567 repressit
1436 1507 1698 1567 totiusque

209 1583 314 1626 eius
356 1581 514 1640 partis
557 1576 754 1622 Siciliae
795 1577 990 1637 potitus
1035 1579 1114 1619 est
1155 1588 1288 1635 quae
1330 1572 1424 1618 sub
1466 1572 1699 1635 Dionysii

207 1646 377 1693 fuerat
415 1651 677 1707 potestate
716 1645 929 1705 parique
969 1640 1120 1686 modo
1161 1640 1298 1685 urbis
1338 1638 1699 1701 Syracusarum

157 1723 181 1761 6
205 1720 409 1776 praeter
441 1727 608 1757 arcem
641 1717 696 1757 et
725 1708 942 1755 insulam
974 1707 1267 1753 adiunctam
1299 1706 1503 1768 oppido,
1535 1722 1699 1768 eoque

207 1797 316 1826 rem
337 1779 596 1842 perduxit,
619 1784 679 1823 ut
700 1776 887 1822 talibus
909 1774 1229 1837 pactionibus
1250 1789 1432 1834 pacem
1452 1779 1699 1836 tyrannus

209 1847 377 1893 facere
434 1845 617 1892 vellet:
692 1842 912 1889 Siciliam
970 1841 1105 1887 Dion
1163 1840 1438 1894 obtineret,
1496 1839 1700 1886 Italiam

211 1915 502 1976 Dionysius,
553 1910 824 1974 Syracusas
875 1907 1245 1970 Apollocrates,
1295 1909 1376 1953 cui
1424 1909 1700 1953 maximam

210 1982 364 2029 fidem
387 1983 474 2026 uni
495 1978 722 2025 habebat
745 1975 1061 2039 Dionysius.3

271 2092 286 2117 ¹
315 2091 529 2142 tyrannis,
549 2087 751 2134 Lambin3
786 2090 1014 2138 tyrannus,
1036 2083 1171 2125 MSS.

268 2147 284 2170 ²
312 2146 534 2196 attigerat,
550 2142 709 2187 Aldu33
743 2140 958 2191 attigerit,
978 2138 1113 2178 MSS.

269 2199 286 2223 ³
315 2198 565 2249 Dionysius,
590 2194 792 2240 Lambin3
828 2194 959 2239 Dion,
980 2191 1113 2231 MSS.
1149 2190 1315 2240 (deleted
1344 2190 1396 2241 by
1424 2190 1699 2242 Heusinqer);

214 2266 240 2292 a
256 2253 407 2293 lacuna
422 2251 553 2303 before
569 2263 613 2289 or
627 2249 733 2300 aster
748 2248 864 2287 Dion
882 2247 919 2286 is
935 2245 1144 2296 suspected
1161 2245 1211 2295 by
1227 2256 1368 2295 many.

276 2382 294 2407 ¹
323 2380 556 2432 Dionysius
581 2378 604 2417 Ι
633 2377 720 2416 had
745 2375 918 2427 reigned
946 2373 1225 2426 thirty-eight
1248 2387 1387 2425 years,
1411 2374 1523 2413 from
1548 2374 1629 2414 406
1654 2377 1702 2414 to

221 2437 300 2476 367
319 2446 419 2479 B.c.‚
437 2433 524 2472 and
540 2432 607 2470 his
623 2444 718 2477 son,
737 2443 783 2470 so
799 2431 879 2475 far,
897 2432 972 2468 ten
988 2441 1126 2479 years.

276 2489 292 2513 ²
318 2487 434 2527 That
453 2488 503 2533 is,
525 2485 722 2536 Ortygia.
778 2482 869 2522 The
889 2481 1051 2521 citadel
1071 2493 1158 2520 was
1179 2493 1236 2519 on
1260 2480 1350 2521 this
1378 2479 1536 2528 island,
1558 2478 1701 2519 which

220 2555 307 2582 was
328 2539 477 2592 joined
496 2543 542 2579 to
563 2539 639 2578 the
658 2541 748 2578 rest
767 2538 812 2577 of
831 2536 907 2576 the
927 2537 1019 2587 city
1038 2534 1099 2587 by
1119 2547 1145 2574 a
1165 2534 1291 2575 mole.

214 2613 303 2673 482
