<?xml version="1.0" encoding="UTF-8"?>
<!DOCTYPE html PUBLIC "-//W3C//DTD XHTML 1.0 Transitional//EN"
    "http://www.w3.org/TR/xhtml1/DTD/xhtml1-transitional.dtd">
<html xmlns="http://www.w3.org/1999/xhtml" xml:lang="en" lang="en">
 <head>
  <title>
</title>
<meta http-equiv="Content-Type" content="text/html;charset=utf-8" />
  <meta name='ocr-system' content='tesseract 3.04.00' />
  <meta name='ocr-capabilities' content='ocr_page ocr_carea ocr_par ocr_line ocrx_word'/>
</head>
<body>
  <div class='ocr_page' id='page_1' title='image "./lannaeifloriquae00floruoft_0636.png"; bbox 0 0 1802 2942; ppageno 0'>
   <div class='ocr_carea' id='block_1_1' title="bbox 624 133 1287 182">
    <p class='ocr_par' dir='ltr' id='par_1_1' title="bbox 624 133 1287 182">
     <span class='ocr_line' id='line_1_1' title="bbox 624 133 1287 182; baseline 0.002 -1"><span class='ocrx_word' id='word_1_1' title='bbox 624 134 1020 182; x_wconf 85' lang='lat' dir='ltr'>CORNELIUS</span> <span class='ocrx_word' id='word_1_2' title='bbox 1067 133 1287 182; x_wconf 89' lang='lat' dir='ltr'>NEPOS</span> 
     </span>
    </p>
   </div>
   <div class='ocr_carea' id='block_1_2' title="bbox 150 261 1701 2338">
    <p class='ocr_par' dir='ltr' id='par_1_2' title="bbox 205 261 1701 480">
     <span class='ocr_line' id='line_1_2' title="bbox 205 261 1700 326; baseline 0.001 -18"><span class='ocrx_word' id='word_1_3' title='bbox 205 261 465 325; x_wconf 79' lang='lat' dir='ltr'>Babylone</span> <span class='ocrx_word' id='word_1_4' title='bbox 492 263 669 310; x_wconf 88' lang='lat' dir='ltr'><strong>morbo</strong></span> <span class='ocrx_word' id='word_1_5' title='bbox 697 269 1024 325; x_wconf 91' lang='lat' dir='ltr'><strong>consumptus</strong></span> <span class='ocrx_word' id='word_1_6' title='bbox 1055 270 1151 319; x_wconf 91' lang='lat' dir='ltr'><strong>est,</strong></span> <span class='ocrx_word' id='word_1_7' title='bbox 1180 262 1440 326; x_wconf 85' lang='lat' dir='ltr'>Philippus</span> <span class='ocrx_word' id='word_1_8' title='bbox 1466 263 1641 326; x_wconf 83' lang='lat' dir='ltr'>Aegiis</span> <span class='ocrx_word' id='word_1_9' title='bbox 1671 279 1700 310; x_wconf 86' lang='lat' dir='ltr'><strong>a</strong></span> 
     </span>
     <span class='ocr_line' id='line_1_3' title="bbox 206 338 1701 402; baseline 0.001 -17"><span class='ocrx_word' id='word_1_10' title='bbox 206 338 472 395; x_wconf 83' lang='lat' dir='ltr'><strong>Pausania,</strong></span> <span class='ocrx_word' id='word_1_11' title='bbox 499 356 614 386; x_wconf 91' lang='lat' dir='ltr'><strong>cum</strong></span> <span class='ocrx_word' id='word_1_12' title='bbox 642 347 931 402; x_wconf 92' lang='lat' dir='ltr'><strong>spectatum</strong></span> <span class='ocrx_word' id='word_1_13' title='bbox 957 340 1100 387; x_wconf 93' lang='lat' dir='ltr'><strong>ludos</strong></span> <span class='ocrx_word' id='word_1_14' title='bbox 1127 343 1243 397; x_wconf 88' lang='lat' dir='ltr'><strong>iret,</strong></span> <span class='ocrx_word' id='word_1_15' title='bbox 1269 343 1414 387; x_wconf 78' lang='lat' dir='ltr'><strong>iuxta</strong></span> <span class='ocrx_word' id='word_1_16' title='bbox 1440 339 1701 387; x_wconf 81' lang='lat' dir='ltr'><strong>theatrum</strong></span> 
     </span>
     <span class='ocr_line' id='line_1_4' title="bbox 206 417 1699 480; baseline 0.001 -17"><span class='ocrx_word' id='word_1_17' title='bbox 206 419 393 463; x_wconf 87' lang='lat' dir='ltr'><strong>occisus</strong></span> <span class='ocrx_word' id='word_1_18' title='bbox 414 424 507 463; x_wconf 91' lang='lat' dir='ltr'><strong>est.</strong></span> <span class='ocrx_word' id='word_1_19' title='bbox 578 417 722 464; x_wconf 90' lang='lat' dir='ltr'><strong>Unus</strong></span> <span class='ocrx_word' id='word_1_20' title='bbox 742 417 996 480; x_wconf 78' lang='lat' dir='ltr'>Epirotes,</span> <span class='ocrx_word' id='word_1_21' title='bbox 1016 417 1254 480; x_wconf 84' lang='lat' dir='ltr'><strong>Pyrrhus,</strong></span> <span class='ocrx_word' id='word_1_22' title='bbox 1274 420 1360 480; x_wconf 79' lang='lat' dir='ltr'><strong>qui</strong></span> <span class='ocrx_word' id='word_1_23' title='bbox 1379 434 1494 464; x_wconf 92' lang='lat' dir='ltr'><strong>cum</strong></span> <span class='ocrx_word' id='word_1_24' title='bbox 1511 417 1699 480; x_wconf 93' lang='lat' dir='ltr'><strong>populo</strong></span> 
     </span>
    </p>

    <p class='ocr_par' dir='ltr' id='par_1_3' title="bbox 150 493 1700 1100">
     <span class='ocr_line' id='line_1_5' title="bbox 150 493 1700 558; baseline 0.001 -19"><span class='ocrx_word' id='word_1_25' title='bbox 150 501 175 540; x_wconf 86' lang='lat'><em>2</em></span> <span class='ocrx_word' id='word_1_26' title='bbox 203 493 429 540; x_wconf 87' lang='lat' dir='ltr'><strong>Romano</strong></span> <span class='ocrx_word' id='word_1_27' title='bbox 468 494 693 541; x_wconf 77' lang='lat' dir='ltr'><strong>bellavit.</strong></span> <span class='ocrx_word' id='word_1_28' title='bbox 781 494 830 541; x_wconf 95' lang='lat' dir='ltr'><strong>Is</strong></span> <span class='ocrx_word' id='word_1_29' title='bbox 869 512 984 541; x_wconf 92' lang='lat' dir='ltr'><strong>cum</strong></span> <span class='ocrx_word' id='word_1_30' title='bbox 1022 496 1186 558; x_wconf 82' lang='lat' dir='ltr'><strong>Argos</strong></span> <span class='ocrx_word' id='word_1_31' title='bbox 1224 494 1467 558; x_wconf 90' lang='lat' dir='ltr'><strong>oppidum</strong></span> <span class='ocrx_word' id='word_1_32' title='bbox 1505 511 1700 558; x_wconf 87' lang='lat' dir='ltr'><strong>oppug-</strong></span> 
     </span>
     <span class='ocr_line' id='line_1_6' title="bbox 204 571 1699 635; baseline 0.003 -19"><span class='ocrx_word' id='word_1_33' title='bbox 204 578 351 618; x_wconf 91' lang='lat' dir='ltr'><strong>naret</strong></span> <span class='ocrx_word' id='word_1_34' title='bbox 392 575 442 617; x_wconf 91' lang='lat' dir='ltr'><strong>in</strong></span> <span class='ocrx_word' id='word_1_35' title='bbox 486 571 851 634; x_wconf 81' lang='lat' dir='ltr'>Peloponneso,</span> <span class='ocrx_word' id='word_1_36' title='bbox 893 572 1062 635; x_wconf 90' lang='lat' dir='ltr'><strong>lapide</strong></span> <span class='ocrx_word' id='word_1_37' title='bbox 1103 575 1232 620; x_wconf 89' lang='lat' dir='ltr'><strong>ictus</strong></span> <span class='ocrx_word' id='word_1_38' title='bbox 1273 575 1484 620; x_wconf 89' lang='lat' dir='ltr'><strong>interiit.</strong></span> <span class='ocrx_word' id='word_1_39' title='bbox 1554 572 1699 620; x_wconf 89' lang='lat' dir='ltr'><strong>Unus</strong></span> 
     </span>
     <span class='ocr_line' id='line_1_7' title="bbox 204 647 1700 713; baseline 0.003 -19"><span class='ocrx_word' id='word_1_40' title='bbox 204 651 330 695; x_wconf 90' lang='lat' dir='ltr'><strong>item</strong></span> <span class='ocrx_word' id='word_1_41' title='bbox 360 647 570 705; x_wconf 89' lang='lat' dir='ltr'><strong>Siculus,</strong></span> <span class='ocrx_word' id='word_1_42' title='bbox 602 649 876 713; x_wconf 88' lang='lat' dir='ltr'><strong>Dionysius</strong></span> <span class='ocrx_word' id='word_1_43' title='bbox 906 653 1055 712; x_wconf 88' lang='lat' dir='ltr'><strong>prior.</strong></span> <span class='ocrx_word' id='word_1_44' title='bbox 1126 650 1257 696; x_wconf 90' lang='lat' dir='ltr'><strong>Nam</strong></span> <span class='ocrx_word' id='word_1_45' title='bbox 1288 657 1343 697; x_wconf 90' lang='lat' dir='ltr'><strong>et</strong></span> <span class='ocrx_word' id='word_1_46' title='bbox 1370 666 1526 696; x_wconf 86' lang='lat' dir='ltr'><strong>manu</strong></span> <span class='ocrx_word' id='word_1_47' title='bbox 1556 649 1700 698; x_wconf 87' lang='lat' dir='ltr'><strong>fortis</strong></span> 
     </span>
     <span class='ocr_line' id='line_1_8' title="bbox 206 725 1698 791; baseline 0.001 -20"><span class='ocrx_word' id='word_1_48' title='bbox 206 733 260 772; x_wconf 93' lang='lat' dir='ltr'><strong>et</strong></span> <span class='ocrx_word' id='word_1_49' title='bbox 283 725 403 772; x_wconf 92' lang='lat' dir='ltr'><strong>belli</strong></span> <span class='ocrx_word' id='word_1_50' title='bbox 427 730 621 788; x_wconf 90' lang='lat' dir='ltr'><strong>peritus</strong></span> <span class='ocrx_word' id='word_1_51' title='bbox 646 725 745 774; x_wconf 89' lang='lat' dir='ltr'><strong>fuit</strong></span> <span class='ocrx_word' id='word_1_52' title='bbox 771 735 841 783; x_wconf 92' lang='lat' dir='ltr'><strong>et,</strong></span> <span class='ocrx_word' id='word_1_53' title='bbox 867 728 919 774; x_wconf 91' lang='lat' dir='ltr'><strong>id</strong></span> <span class='ocrx_word' id='word_1_54' title='bbox 945 727 1080 790; x_wconf 86' lang='lat' dir='ltr'><strong>quod</strong></span> <span class='ocrx_word' id='word_1_55' title='bbox 1106 731 1157 773; x_wconf 90' lang='lat' dir='ltr'><strong>in</strong></span> <span class='ocrx_word' id='word_1_56' title='bbox 1181 735 1400 791; x_wconf 76' lang='lat' dir='ltr'><strong>tyranno</strong></span> <span class='ocrx_word' id='word_1_57' title='bbox 1424 744 1527 774; x_wconf 91' lang='lat' dir='ltr'><strong>non</strong></span> <span class='ocrx_word' id='word_1_58' title='bbox 1551 726 1698 774; x_wconf 89' lang='lat' dir='ltr'><strong>facile</strong></span> 
     </span>
     <span class='ocr_line' id='line_1_9' title="bbox 204 803 1700 867; baseline 0.001 -17"><span class='ocrx_word' id='word_1_59' title='bbox 204 807 472 867; x_wconf 85' lang='lat' dir='ltr'><strong>reperitur,</strong></span> <span class='ocrx_word' id='word_1_60' title='bbox 513 807 721 850; x_wconf 90' lang='lat' dir='ltr'><strong>minime</strong></span> <span class='ocrx_word' id='word_1_61' title='bbox 762 803 1074 860; x_wconf 85' lang='lat' dir='ltr'><strong>libidinosus,</strong></span> <span class='ocrx_word' id='word_1_62' title='bbox 1115 821 1216 851; x_wconf 91' lang='lat' dir='ltr'><strong>non</strong></span> <span class='ocrx_word' id='word_1_63' title='bbox 1256 804 1557 860; x_wconf 87' lang='lat' dir='ltr'><strong>luxuriosus,</strong></span> <span class='ocrx_word' id='word_1_64' title='bbox 1598 821 1700 851; x_wconf 89' lang='lat' dir='ltr'><strong>non</strong></span> 
     </span>
     <span class='ocr_line' id='line_1_10' title="bbox 205 881 1700 945; baseline 0.001 -18"><span class='ocrx_word' id='word_1_65' title='bbox 205 898 400 937; x_wconf 86' lang='lat' dir='ltr'><strong>avarus,</strong></span> <span class='ocrx_word' id='word_1_66' title='bbox 421 881 602 928; x_wconf 91' lang='lat' dir='ltr'><strong>nullius</strong></span> <span class='ocrx_word' id='word_1_67' title='bbox 624 882 844 945; x_wconf 86' lang='lat' dir='ltr'><strong>denique</strong></span> <span class='ocrx_word' id='word_1_68' title='bbox 864 885 937 928; x_wconf 92' lang='lat' dir='ltr'><strong>rei</strong></span> <span class='ocrx_word' id='word_1_69' title='bbox 957 882 1168 943; x_wconf 87' lang='lat' dir='ltr'><strong>cupidus</strong></span> <span class='ocrx_word' id='word_1_70' title='bbox 1187 885 1283 928; x_wconf 90' lang='lat' dir='ltr'><strong>nisi</strong></span> <span class='ocrx_word' id='word_1_71' title='bbox 1303 881 1567 945; x_wconf 85' lang='lat' dir='ltr'><strong>singularis</strong></span> <span class='ocrx_word' id='word_1_72' title='bbox 1587 898 1700 944; x_wconf 88' lang='lat' dir='ltr'><strong>per-</strong></span> 
     </span>
     <span class='ocr_line' id='line_1_11' title="bbox 200 959 1700 1022; baseline 0.001 -16"><span class='ocrx_word' id='word_1_73' title='bbox 200 962 447 1022; x_wconf 89' lang='lat' dir='ltr'><strong>petuique</strong></span> <span class='ocrx_word' id='word_1_74' title='bbox 477 962 674 1021; x_wconf 87' lang='lat' dir='ltr'><strong>imperii</strong></span> <span class='ocrx_word' id='word_1_75' title='bbox 697 960 761 1006; x_wconf 95' lang='lat' dir='ltr'><strong>ob</strong></span> <span class='ocrx_word' id='word_1_76' title='bbox 784 976 1000 1022; x_wconf 91' lang='lat' dir='ltr'><strong>eamque</strong></span> <span class='ocrx_word' id='word_1_77' title='bbox 1022 976 1130 1005; x_wconf 89' lang='lat' dir='ltr'><strong>rem</strong></span> <span class='ocrx_word' id='word_1_78' title='bbox 1152 959 1396 1015; x_wconf 83' lang='lat' dir='ltr'><strong>crudelis3</strong></span> <span class='ocrx_word' id='word_1_79' title='bbox 1435 976 1555 1005; x_wconf 91' lang='lat' dir='ltr'><strong>nam</strong></span> <span class='ocrx_word' id='word_1_80' title='bbox 1577 960 1700 1007; x_wconf 90' lang='lat' dir='ltr'><strong>dum</strong></span> 
     </span>
     <span class='ocr_line' id='line_1_12' title="bbox 206 1036 1696 1100; baseline 0.001 -18"><span class='ocrx_word' id='word_1_81' title='bbox 206 1037 258 1083; x_wconf 92' lang='lat' dir='ltr'><strong>id</strong></span> <span class='ocrx_word' id='word_1_82' title='bbox 289 1038 486 1083; x_wconf 80' lang='lat' dir='ltr'><strong>studuit</strong></span> <span class='ocrx_word' id='word_1_83' title='bbox 516 1040 732 1092; x_wconf 89' lang='lat' dir='ltr'><strong>munire,</strong></span> <span class='ocrx_word' id='word_1_84' title='bbox 757 1036 940 1084; x_wconf 86' lang='lat' dir='ltr'><strong>nullius</strong></span> <span class='ocrx_word' id='word_1_85' title='bbox 964 1040 1195 1099; x_wconf 86' lang='lat' dir='ltr'><strong>pepercit</strong></span> <span class='ocrx_word' id='word_1_86' title='bbox 1226 1040 1380 1092; x_wconf 83' lang='lat' dir='ltr'><strong>vitae,</strong></span> <span class='ocrx_word' id='word_1_87' title='bbox 1405 1053 1559 1100; x_wconf 91' lang='lat' dir='ltr'><strong>quem</strong></span> <span class='ocrx_word' id='word_1_88' title='bbox 1591 1040 1696 1083; x_wconf 90' lang='lat' dir='ltr'><strong>eius</strong></span> 
     </span>
    </p>

    <p class='ocr_par' dir='ltr' id='par_1_4' title="bbox 151 1114 1699 1565">
     <span class='ocr_line' id='line_1_13' title="bbox 151 1114 1699 1178; baseline 0 -17"><span class='ocrx_word' id='word_1_89' title='bbox 151 1122 177 1161; x_wconf 92' lang='lat'><strong>3</strong></span> <span class='ocrx_word' id='word_1_90' title='bbox 201 1115 548 1161; x_wconf 73' lang='lat' dir='ltr'><strong>insidiatorem</strong></span> <span class='ocrx_word' id='word_1_91' title='bbox 571 1121 796 1177; x_wconf 88' lang='lat' dir='ltr'><strong>putaret.</strong></span> <span class='ocrx_word' id='word_1_92' title='bbox 865 1114 962 1161; x_wconf 91' lang='lat' dir='ltr'><strong>Hic</strong></span> <span class='ocrx_word' id='word_1_93' title='bbox 998 1131 1112 1161; x_wconf 92' lang='lat' dir='ltr'><strong>cum</strong></span> <span class='ocrx_word' id='word_1_94' title='bbox 1149 1117 1338 1161; x_wconf 84' lang='lat' dir='ltr'><strong>virtute</strong></span> <span class='ocrx_word' id='word_1_95' title='bbox 1374 1114 1699 1178; x_wconf 87' lang='lat' dir='ltr'><strong>tyrannidem</strong></span> 
     </span>
     <span class='ocr_line' id='line_1_14' title="bbox 205 1191 1699 1256; baseline 0.001 -18"><span class='ocrx_word' id='word_1_96' title='bbox 205 1194 297 1239; x_wconf 80' lang='lat' dir='ltr'><strong>sibi</strong></span> <span class='ocrx_word' id='word_1_97' title='bbox 317 1195 618 1254; x_wconf 68' lang='lat' dir='ltr'><strong>peperisset,</strong></span> <span class='ocrx_word' id='word_1_98' title='bbox 638 1209 825 1256; x_wconf 87' lang='lat' dir='ltr'><strong>magna</strong></span> <span class='ocrx_word' id='word_1_99' title='bbox 841 1195 1054 1238; x_wconf 80' lang='lat' dir='ltr'><strong>retinuit</strong></span> <span class='ocrx_word' id='word_1_100' title='bbox 1074 1191 1321 1238; x_wconf 88' lang='lat' dir='ltr'><strong>felicitate</strong></span> <span class='ocrx_word' id='word_1_101' title='bbox 1338 1207 1350 1247; x_wconf 89' lang='lat'>;</span> <span class='ocrx_word' id='word_1_102' title='bbox 1385 1195 1545 1238; x_wconf 88' lang='lat' dir='ltr'><strong>maior</strong></span> <span class='ocrx_word' id='word_1_103' title='bbox 1564 1195 1699 1240; x_wconf 75' lang='lat' dir='ltr'><strong>enim</strong></span> 
     </span>
     <span class='ocr_line' id='line_1_15' title="bbox 205 1269 1696 1333; baseline 0.001 -17"><span class='ocrx_word' id='word_1_104' title='bbox 205 1287 360 1316; x_wconf 92' lang='lat' dir='ltr'><strong>annos</strong></span> <span class='ocrx_word' id='word_1_105' title='bbox 419 1273 688 1332; x_wconf 78' lang='lat' dir='ltr'><strong>sexaginta</strong></span> <span class='ocrx_word' id='word_1_106' title='bbox 745 1277 896 1316; x_wconf 91' lang='lat' dir='ltr'><strong>natus</strong></span> <span class='ocrx_word' id='word_1_107' title='bbox 954 1270 1190 1324; x_wconf 86' lang='lat' dir='ltr'><strong>decessit,</strong></span> <span class='ocrx_word' id='word_1_108' title='bbox 1249 1269 1463 1316; x_wconf 89' lang='lat' dir='ltr'><strong>florente</strong></span> <span class='ocrx_word' id='word_1_109' title='bbox 1521 1286 1696 1333; x_wconf 87' lang='lat' dir='ltr'><strong>regno.</strong></span> 
     </span>
     <span class='ocr_line' id='line_1_16' title="bbox 205 1347 1696 1410; baseline 0.001 -17"><span class='ocrx_word' id='word_1_110' title='bbox 205 1347 385 1410; x_wconf 88' lang='lat' dir='ltr'><strong>Neque</strong></span> <span class='ocrx_word' id='word_1_111' title='bbox 413 1350 465 1392; x_wconf 91' lang='lat' dir='ltr'><strong>in</strong></span> <span class='ocrx_word' id='word_1_112' title='bbox 493 1354 601 1393; x_wconf 90' lang='lat' dir='ltr'><strong>tam</strong></span> <span class='ocrx_word' id='word_1_113' title='bbox 628 1347 800 1394; x_wconf 90' lang='lat' dir='ltr'><strong>multis</strong></span> <span class='ocrx_word' id='word_1_114' title='bbox 831 1350 973 1393; x_wconf 88' lang='lat' dir='ltr'><strong>annis</strong></span> <span class='ocrx_word' id='word_1_115' title='bbox 1002 1350 1298 1410; x_wconf 87' lang='lat' dir='ltr'><strong>cuiusquam</strong></span> <span class='ocrx_word' id='word_1_116' title='bbox 1328 1363 1392 1393; x_wconf 87' lang='lat' dir='ltr'><strong>ex</strong></span> <span class='ocrx_word' id='word_1_117' title='bbox 1419 1363 1511 1393; x_wconf 88' lang='lat' dir='ltr'><strong>sua</strong></span> <span class='ocrx_word' id='word_1_118' title='bbox 1538 1350 1696 1410; x_wconf 87' lang='lat' dir='ltr'><strong>stirpe</strong></span> 
     </span>
     <span class='ocr_line' id='line_1_17' title="bbox 203 1424 1699 1487; baseline 0.001 -16"><span class='ocrx_word' id='word_1_119' title='bbox 203 1424 352 1471; x_wconf 89' lang='lat' dir='ltr'><strong>funus</strong></span> <span class='ocrx_word' id='word_1_120' title='bbox 371 1425 514 1480; x_wconf 76' lang='lat' dir='ltr'><strong>vidit,</strong></span> <span class='ocrx_word' id='word_1_121' title='bbox 533 1442 648 1471; x_wconf 91' lang='lat' dir='ltr'><strong>cum</strong></span> <span class='ocrx_word' id='word_1_122' title='bbox 667 1441 730 1471; x_wconf 89' lang='lat' dir='ltr'><strong>ex</strong></span> <span class='ocrx_word' id='word_1_123' title='bbox 748 1426 908 1472; x_wconf 88' lang='lat' dir='ltr'><strong>tribus</strong></span> <span class='ocrx_word' id='word_1_124' title='bbox 927 1426 1165 1472; x_wconf 82' lang='lat' dir='ltr'><strong>uxoribus</strong></span> <span class='ocrx_word' id='word_1_125' title='bbox 1183 1424 1365 1471; x_wconf 89' lang='lat' dir='ltr'><strong>liberos</strong></span> <span class='ocrx_word' id='word_1_126' title='bbox 1383 1432 1699 1487; x_wconf 86' lang='lat' dir='ltr'><strong>procreasset</strong></span> 
     </span>
     <span class='ocr_line' id='line_1_18' title="bbox 206 1502 1120 1565; baseline 0.001 -17"><span class='ocrx_word' id='word_1_127' title='bbox 206 1502 457 1565; x_wconf 79' lang='lat' dir='ltr'><strong>multique</strong></span> <span class='ocrx_word' id='word_1_128' title='bbox 486 1506 532 1549; x_wconf 91' lang='lat' dir='ltr'><strong>ei</strong></span> <span class='ocrx_word' id='word_1_129' title='bbox 557 1505 666 1550; x_wconf 90' lang='lat' dir='ltr'><strong>nati</strong></span> <span class='ocrx_word' id='word_1_130' title='bbox 693 1510 865 1549; x_wconf 89' lang='lat' dir='ltr'><strong>essent</strong></span> <span class='ocrx_word' id='word_1_131' title='bbox 890 1510 1120 1565; x_wconf 89' lang='lat' dir='ltr'><strong>nepotes.</strong></span> 
     </span>
    </p>

    <p class='ocr_par' dir='ltr' id='par_1_5' title="bbox 204 1579 1699 1798">
     <span class='ocr_line' id='line_1_19' title="bbox 266 1579 1699 1644; baseline -0.001 -16"><span class='ocrx_word' id='word_1_132' title='bbox 266 1579 314 1629; x_wconf 84' lang='lat'><strong>3.</strong></span> <span class='ocrx_word' id='word_1_133' title='bbox 343 1581 571 1626; x_wconf 83' lang='lat' dir='ltr'><strong>Fuerunt</strong></span> <span class='ocrx_word' id='word_1_134' title='bbox 582 1587 851 1642; x_wconf 87' lang='lat' dir='ltr'><strong>praeterea</strong></span> <span class='ocrx_word' id='word_1_135' title='bbox 864 1583 1037 1644; x_wconf 83' lang='lat' dir='ltr'><strong>magni</strong></span> <span class='ocrx_word' id='word_1_136' title='bbox 1050 1596 1197 1643; x_wconf 84' lang='lat' dir='ltr'><strong>reges</strong></span> <span class='ocrx_word' id='word_1_137' title='bbox 1213 1596 1277 1626; x_wconf 85' lang='lat' dir='ltr'><strong>ex</strong></span> <span class='ocrx_word' id='word_1_138' title='bbox 1292 1582 1462 1626; x_wconf 88' lang='lat' dir='ltr'><strong>amicis</strong></span> <span class='ocrx_word' id='word_1_139' title='bbox 1477 1579 1699 1626; x_wconf 86' lang='lat' dir='ltr'><strong>Alexan-</strong></span> 
     </span>
     <span class='ocr_line' id='line_1_20' title="bbox 204 1657 1698 1721; baseline -0.001 -16"><span class='ocrx_word' id='word_1_140' title='bbox 204 1658 280 1705; x_wconf 88' lang='lat' dir='ltr'><strong>dri</strong></span> <span class='ocrx_word' id='word_1_141' title='bbox 306 1657 503 1721; x_wconf 76' lang='lat' dir='ltr'><strong>Magni,</strong></span> <span class='ocrx_word' id='word_1_142' title='bbox 529 1661 613 1720; x_wconf 90' lang='lat' dir='ltr'><strong>qui</strong></span> <span class='ocrx_word' id='word_1_143' title='bbox 636 1665 752 1720; x_wconf 90' lang='lat' dir='ltr'><strong>post</strong></span> <span class='ocrx_word' id='word_1_144' title='bbox 776 1659 972 1705; x_wconf 88' lang='lat' dir='ltr'><strong>obitum</strong></span> <span class='ocrx_word' id='word_1_145' title='bbox 995 1660 1102 1704; x_wconf 91' lang='lat' dir='ltr'><strong>eius</strong></span> <span class='ocrx_word' id='word_1_146' title='bbox 1125 1660 1337 1719; x_wconf 88' lang='lat' dir='ltr'><strong>imperia</strong></span> <span class='ocrx_word' id='word_1_147' title='bbox 1359 1664 1623 1719; x_wconf 92' lang='lat' dir='ltr'><strong>ceperunt,</strong></span> <span class='ocrx_word' id='word_1_148' title='bbox 1646 1660 1698 1703; x_wconf 90' lang='lat' dir='ltr'><strong>in</strong></span> 
     </span>
     <span class='ocr_line' id='line_1_21' title="bbox 204 1733 1698 1798; baseline 0.001 -18"><span class='ocrx_word' id='word_1_149' title='bbox 204 1738 262 1781; x_wconf 92' lang='lat' dir='ltr'><strong>iis</strong></span> <span class='ocrx_word' id='word_1_150' title='bbox 286 1736 574 1798; x_wconf 79' lang='lat' dir='ltr'><strong>Antigonus</strong></span> <span class='ocrx_word' id='word_1_151' title='bbox 606 1743 659 1782; x_wconf 88' lang='lat' dir='ltr'><strong>et</strong></span> <span class='ocrx_word' id='word_1_152' title='bbox 687 1734 834 1782; x_wconf 88' lang='lat' dir='ltr'><strong>huius</strong></span> <span class='ocrx_word' id='word_1_153' title='bbox 859 1735 987 1782; x_wconf 87' lang='lat' dir='ltr'><strong>filius</strong></span> <span class='ocrx_word' id='word_1_154' title='bbox 1012 1735 1324 1790; x_wconf 87' lang='lat' dir='ltr'><strong>Demetrius,</strong></span> <span class='ocrx_word' id='word_1_155' title='bbox 1349 1733 1698 1798; x_wconf 83' lang='lat' dir='ltr'><strong>Lysimachus,</strong></span> 
     </span>
    </p>

    <p class='ocr_par' dir='ltr' id='par_1_6' title="bbox 151 1811 1697 2107">
     <span class='ocr_line' id='line_1_22' title="bbox 151 1811 1697 1875; baseline 0 -18"><span class='ocrx_word' id='word_1_156' title='bbox 151 1817 176 1855; x_wconf 87' lang='grc'>2</span> <span class='ocrx_word' id='word_1_157' title='bbox 203 1811 458 1867; x_wconf 85' lang='lat' dir='ltr'><strong>Seleucus,</strong></span> <span class='ocrx_word' id='word_1_158' title='bbox 485 1812 824 1859; x_wconf 88' lang='lat' dir='ltr'><strong>Ptolemaeus.</strong></span> <span class='ocrx_word' id='word_1_159' title='bbox 894 1813 973 1859; x_wconf 84' lang='lat' dir='ltr'><strong>Ex</strong></span> <span class='ocrx_word' id='word_1_160' title='bbox 998 1811 1073 1859; x_wconf 89' lang='lat' dir='ltr'><strong>his</strong></span> <span class='ocrx_word' id='word_1_161' title='bbox 1099 1813 1387 1875; x_wconf 85' lang='lat' dir='ltr'><strong>Antigonus</strong></span> <span class='ocrx_word' id='word_1_162' title='bbox 1412 1814 1466 1857; x_wconf 89' lang='lat' dir='ltr'><strong>in</strong></span> <span class='ocrx_word' id='word_1_163' title='bbox 1489 1811 1697 1873; x_wconf 88' lang='lat' dir='ltr'><strong>proelio,</strong></span> 
     </span>
     <span class='ocr_line' id='line_1_23' title="bbox 203 1888 1697 1953; baseline 0 -17"><span class='ocrx_word' id='word_1_164' title='bbox 203 1907 318 1936; x_wconf 89' lang='lat' dir='ltr'><strong>cum</strong></span> <span class='ocrx_word' id='word_1_165' title='bbox 354 1890 591 1937; x_wconf 86' lang='lat' dir='ltr'><strong>adversus</strong></span> <span class='ocrx_word' id='word_1_166' title='bbox 628 1889 895 1936; x_wconf 90' lang='lat' dir='ltr'><strong>Seleucum</strong></span> <span class='ocrx_word' id='word_1_167' title='bbox 931 1897 985 1936; x_wconf 89' lang='lat' dir='ltr'><strong>et</strong></span> <span class='ocrx_word' id='word_1_168' title='bbox 1021 1888 1379 1953; x_wconf 80' lang='lat' dir='ltr'><strong>Lysimachum</strong></span> <span class='ocrx_word' id='word_1_169' title='bbox 1414 1889 1697 1945; x_wconf 88' lang='lat' dir='ltr'><strong>dimicaret,</strong></span> 
     </span>
     <span class='ocr_line' id='line_1_24' title="bbox 203 1965 1697 2030; baseline 0 -17"><span class='ocrx_word' id='word_1_170' title='bbox 203 1970 391 2013; x_wconf 90' lang='lat' dir='ltr'><strong>occisus</strong></span> <span class='ocrx_word' id='word_1_171' title='bbox 430 1975 522 2014; x_wconf 89' lang='lat' dir='ltr'><strong>est.</strong></span> <span class='ocrx_word' id='word_1_172' title='bbox 594 1967 708 2013; x_wconf 89' lang='lat' dir='ltr'><strong>Pari</strong></span> <span class='ocrx_word' id='word_1_173' title='bbox 742 1967 846 2014; x_wconf 91' lang='lat' dir='ltr'><strong>leto</strong></span> <span class='ocrx_word' id='word_1_174' title='bbox 884 1966 1113 2015; x_wconf 89' lang='lat' dir='ltr'><strong>adfectus</strong></span> <span class='ocrx_word' id='word_1_175' title='bbox 1151 1974 1230 2013; x_wconf 90' lang='lat' dir='ltr'><strong>est</strong></span> <span class='ocrx_word' id='word_1_176' title='bbox 1267 1965 1596 2030; x_wconf 89' lang='lat' dir='ltr'><strong>Lysimachus</strong></span> <span class='ocrx_word' id='word_1_177' title='bbox 1633 1967 1697 2013; x_wconf 89' lang='lat' dir='ltr'><strong>ab</strong></span> 
     </span>
     <span class='ocr_line' id='line_1_25' title="bbox 204 2043 1696 2107; baseline -0.001 -17"><span class='ocrx_word' id='word_1_178' title='bbox 204 2043 412 2091; x_wconf 87' lang='lat' dir='ltr'><strong>Seleuco</strong></span> <span class='ocrx_word' id='word_1_179' title='bbox 431 2060 442 2100; x_wconf 81' lang='lat'><em>3</em></span> <span class='ocrx_word' id='word_1_180' title='bbox 476 2061 715 2107; x_wconf 87' lang='lat' dir='ltr'><strong>namque,</strong></span> <span class='ocrx_word' id='word_1_181' title='bbox 735 2048 980 2091; x_wconf 85' lang='lat' dir='ltr'><strong>societate</strong></span> <span class='ocrx_word' id='word_1_182' title='bbox 1001 2044 1261 2099; x_wconf 85' lang='lat' dir='ltr'><strong>dissoluta,</strong></span> <span class='ocrx_word' id='word_1_183' title='bbox 1278 2043 1470 2090; x_wconf 90' lang='lat' dir='ltr'><strong>bellum</strong></span> <span class='ocrx_word' id='word_1_184' title='bbox 1488 2047 1623 2090; x_wconf 86' lang='lat' dir='ltr'><strong>inter</strong></span> <span class='ocrx_word' id='word_1_185' title='bbox 1642 2059 1696 2090; x_wconf 90' lang='lat' dir='ltr'><strong>se</strong></span> 
     </span>
    </p>

    <p class='ocr_par' dir='ltr' id='par_1_7' title="bbox 152 2119 1697 2338">
     <span class='ocr_line' id='line_1_26' title="bbox 152 2119 1696 2183; baseline -0.001 -15"><span class='ocrx_word' id='word_1_186' title='bbox 152 2129 176 2167; x_wconf 87' lang='lat'><strong>3</strong></span> <span class='ocrx_word' id='word_1_187' title='bbox 202 2129 485 2183; x_wconf 81' lang='lat' dir='ltr'><strong>gesserunt.</strong></span> <span class='ocrx_word' id='word_1_188' title='bbox 551 2123 624 2168; x_wconf 93' lang='lat' dir='ltr'><strong>At</strong></span> <span class='ocrx_word' id='word_1_189' title='bbox 654 2123 966 2177; x_wconf 82' lang='lat' dir='ltr'><strong>Demetrius,</strong></span> <span class='ocrx_word' id='word_1_190' title='bbox 987 2139 1102 2168; x_wconf 89' lang='lat' dir='ltr'><strong>cum</strong></span> <span class='ocrx_word' id='word_1_191' title='bbox 1131 2121 1285 2167; x_wconf 88' lang='lat' dir='ltr'><strong>filiam</strong></span> <span class='ocrx_word' id='word_1_192' title='bbox 1314 2137 1457 2167; x_wconf 90' lang='lat' dir='ltr'><strong>suam</strong></span> <span class='ocrx_word' id='word_1_193' title='bbox 1485 2119 1696 2168; x_wconf 88' lang='lat' dir='ltr'><strong>Seleuco</strong></span> 
     </span>
     <span class='ocr_line' id='line_1_27' title="bbox 203 2190 1697 2262; baseline 0 -18"><span class='ocrx_word' id='word_1_194' title='bbox 203 2202 255 2244; x_wconf 88' lang='lat' dir='ltr'><strong>in</strong></span> <span class='ocrx_word' id='word_1_195' title='bbox 284 2202 663 2245; x_wconf 81' lang='lat' dir='ltr'><strong>matrimonium</strong></span> <span class='ocrx_word' id='word_1_196' title='bbox 694 2199 919 2246; x_wconf 89' lang='lat' dir='ltr'><strong>dedisset</strong></span> <span class='ocrx_word' id='word_1_197' title='bbox 950 2215 1117 2262; x_wconf 88' lang='lat' dir='ltr'><strong>neque</strong></span> <span class='ocrx_word' id='word_1_198' title='bbox 1150 2215 1209 2245; x_wconf 92' lang='lat' dir='ltr'><strong>eo</strong></span> <span class='ocrx_word' id='word_1_199' title='bbox 1240 2190 1400 2262; x_wconf 84' lang='lat' dir='ltr'><strong>magis</strong></span> <span class='ocrx_word' id='word_1_200' title='bbox 1432 2197 1534 2244; x_wconf 91' lang='lat' dir='ltr'><strong>fida</strong></span> <span class='ocrx_word' id='word_1_201' title='bbox 1563 2200 1697 2245; x_wconf 89' lang='lat' dir='ltr'><strong>inter</strong></span> 
     </span>
     <span class='ocr_line' id='line_1_28' title="bbox 205 2275 1697 2338; baseline -0.001 -16"><span class='ocrx_word' id='word_1_202' title='bbox 205 2292 289 2323; x_wconf 92' lang='lat' dir='ltr'><strong>eos</strong></span> <span class='ocrx_word' id='word_1_203' title='bbox 309 2280 529 2322; x_wconf 86' lang='lat' dir='ltr'><strong>amicitia</strong></span> <span class='ocrx_word' id='word_1_204' title='bbox 545 2292 751 2323; x_wconf 88' lang='lat' dir='ltr'><strong>manere</strong></span> <span class='ocrx_word' id='word_1_205' title='bbox 769 2279 1036 2338; x_wconf 90' lang='lat' dir='ltr'><strong>potuisset,</strong></span> <span class='ocrx_word' id='word_1_206' title='bbox 1054 2283 1232 2338; x_wconf 90' lang='lat' dir='ltr'><strong>captus</strong></span> <span class='ocrx_word' id='word_1_207' title='bbox 1249 2275 1382 2323; x_wconf 90' lang='lat' dir='ltr'><strong>bello</strong></span> <span class='ocrx_word' id='word_1_208' title='bbox 1399 2278 1451 2321; x_wconf 93' lang='lat' dir='ltr'><strong>in</strong></span> <span class='ocrx_word' id='word_1_209' title='bbox 1467 2275 1697 2323; x_wconf 88' lang='lat' dir='ltr'><strong>custodia</strong></span> 
     </span>
    </p>
   </div>
   <div class='ocr_carea' id='block_1_3' title="bbox 321 2417 1573 2524">
    <p class='ocr_par' dir='ltr' id='par_1_8' title="bbox 321 2417 1573 2524">
     <span class='ocr_line' id='line_1_29' title="bbox 322 2417 1573 2471; baseline 0 -13"><span class='ocrx_word' id='word_1_210' title='bbox 322 2420 337 2444; x_wconf 86' lang='lat'>1</span> <span class='ocrx_word' id='word_1_211' title='bbox 368 2420 411 2458; x_wconf 81' lang='lat' dir='ltr'><strong>It</strong></span> <span class='ocrx_word' id='word_1_212' title='bbox 431 2432 517 2458; x_wconf 84' lang='lat' dir='ltr'><strong>was</strong></span> <span class='ocrx_word' id='word_1_213' title='bbox 537 2432 562 2457; x_wconf 84' lang='lat' dir='ltr'><strong>a</strong></span> <span class='ocrx_word' id='word_1_214' title='bbox 580 2419 669 2464; x_wconf 85' lang='lat' dir='ltr'><strong>tile,</strong></span> <span class='ocrx_word' id='word_1_215' title='bbox 690 2419 842 2459; x_wconf 89' lang='lat' dir='ltr'><strong>hurled</strong></span> <span class='ocrx_word' id='word_1_216' title='bbox 860 2419 972 2459; x_wconf 79' lang='lat' dir='ltr'><strong>from</strong></span> <span class='ocrx_word' id='word_1_217' title='bbox 991 2431 1017 2458; x_wconf 85' lang='lat' dir='ltr'><strong>a</strong></span> <span class='ocrx_word' id='word_1_218' title='bbox 1035 2419 1249 2471; x_wconf 83' lang='lat' dir='ltr'><strong>housetop</strong></span> <span class='ocrx_word' id='word_1_219' title='bbox 1267 2417 1327 2470; x_wconf 87' lang='lat' dir='ltr'><strong>by</strong></span> <span class='ocrx_word' id='word_1_220' title='bbox 1345 2431 1371 2457; x_wconf 83' lang='lat' dir='ltr'><strong>a</strong></span> <span class='ocrx_word' id='word_1_221' title='bbox 1390 2430 1573 2458; x_wconf 84' lang='lat' dir='ltr'><strong>woman.</strong></span> 
     </span>
     <span class='ocr_line' id='line_1_30' title="bbox 321 2473 705 2524; baseline 0.003 -12"><span class='ocrx_word' id='word_1_222' title='bbox 321 2474 336 2497; x_wconf 85' lang='lat'><strong>²</strong></span> <span class='ocrx_word' id='word_1_223' title='bbox 368 2473 443 2513; x_wconf 85' lang='lat' dir='ltr'><strong>See</strong></span> <span class='ocrx_word' id='word_1_224' title='bbox 466 2485 510 2519; x_wconf 75' lang='lat' dir='ltr'><strong>X,</strong></span> <span class='ocrx_word' id='word_1_225' title='bbox 531 2474 705 2524; x_wconf 74' lang='lat' dir='ltr'><strong>passim.</strong></span> 
     </span>
    </p>
   </div>
   <div class='ocr_carea' id='block_1_4' title="bbox 203 2551 294 2598">
    <p class='ocr_par' dir='ltr' id='par_1_9' title="bbox 203 2551 294 2598">
     <span class='ocr_line' id='line_1_31' title="bbox 203 2551 294 2598; baseline -0.022 0"><span class='ocrx_word' id='word_1_226' title='bbox 203 2551 294 2598; x_wconf 82' lang='lat'><strong>616</strong></span> 
     </span>
    </p>
   </div>
  </div>
 </body>
</html>
