1802 2942
632 159 1029 211 CORNELIUS
1078 157 1299 207 NEPOS

219 312 340 343 eum
375 293 541 340 aditus
575 297 810 354 pateret3
859 304 1046 352 magna
1079 289 1353 334 auctoritas
1387 283 1525 347 apud
1556 286 1717 330 omnis

218 381 458 432 civitatis,
499 375 666 422 nobile
706 389 909 428 nomen,
949 372 1057 418 laus
1096 373 1171 417 rei
1208 369 1438 416 militaris
1478 370 1716 414 maxima.

223 463 365 510 Haec
391 459 604 524 populus
629 460 902 520 respiciens
921 455 1102 502 maluit
1120 454 1262 501 illum
1279 455 1541 501 innoxium
1565 451 1720 516 plecti

223 562 380 611 quam
407 561 459 592 se
487 544 676 591 diutius
703 556 813 588 esse
838 543 891 587 in
915 543 1114 587 timore.

624 782 692 829 ΙΙ.
728 777 1258 829 THEMISTOCLES

291 898 340 948 1.
377 894 757 949 Themistocles,
782 892 957 940 Neocli
981 891 1126 947 filius,
1151 890 1494 938 Atheniensis.
1563 887 1727 935 Huius

231 986 355 1030 vitia
390 983 612 1047 ineuntis
651 977 1028 1025 adulescentiae
1065 978 1261 1039 magnis
1298 977 1419 1036 'sunt
1456 972 1730 1020 emendata

234 1067 522 1120 virtutibus,
570 1047 697 1110 adeo
743 1069 802 1108 ut
848 1059 1165 1107 anteferatur
1208 1058 1325 1105 huic
1369 1074 1538 1114 nemo,
1582 1060 1731 1120 pauci
1758 1070 1769 1076 ³

179 1159 207 1198 2
231 1167 377 1216 pares
402 1155 664 1212 putentur.
735 1145 836 1192 Sed
861 1145 924 1191 ab
948 1147 1092 1191 initio
1118 1150 1197 1190 est
1221 1142 1508 1190 ordiendus.
1579 1141 1733 1188 Pater

236 1240 342 1283 eius
373 1233 586 1281 Neocles
616 1246 891 1295 generosus
916 1228 1028 1276 fuit.
1100 1227 1148 1275 Is
1173 1243 1385 1274 uxorem
1412 1227 1733 1274 Acarnanam
1763 1245 1770 1249 “

236 1323 398 1367 civem
436 1318 599 1372 duxit,
639 1331 703 1361 ex
742 1330 842 1377 qua
878 1319 1029 1359 natus
1070 1319 1148 1358 est
1184 1309 1564 1357 Themistocles.
1634 1310 1735 1369 Qui

237 1421 352 1452 cum
406 1405 570 1449 minus
629 1406 764 1446 esset
819 1398 1062 1461 probatus
1117 1396 1433 1459 parentibus,
1489 1394 1627 1458 quod
1682 1400 1736 1442 et

237 1490 442 1536 liberius
488 1485 692 1531 ⁷vivebat
738 1489 792 1530 et
835 1498 945 1528 rem
989 1480 1290 1527 familiarem
1333 1478 1663 1543 neglegebat,
1708 1494 1738 1524 a

185 1582 214 1623 3
237 1580 384 1637 patre
416 1569 757 1617 exheredatus
789 1573 881 1613 est.
952 1565 1098 1625 Quae
1123 1563 1432 1611 contumelia
1454 1580 1557 1610 non
1578 1561 1736 1627 fregit

241 1676 375 1713 eum,
413 1657 503 1704 sed
541 1657 732 1708 erexit3
779 1669 899 1699 nam
935 1668 1050 1698 cum
1086 1650 1360 1698 iudicasset
1395 1652 1503 1696 sine
1540 1665 1738 1696 summa

225 1740 490 1790 'industria
516 1756 617 1786 non
644 1753 791 1801 posse
821 1753 935 1783 eam
964 1738 1237 1799 exstingui,
1265 1741 1434 1781 totum
1460 1750 1515 1781 se
1543 1734 1741 1781 dedidit

241 1831 317 1875 rei
355 1825 605 1889 publicae,
646 1822 938 1885 diligentius
980 1822 1150 1866 amicis
1190 1817 1462 1882 famaeque
1502 1821 1739 1865 serviens.

247 1911 475 1958 Multum
523 1912 575 1954 in
623 1907 817 1953 iudiciis
866 1907 1074 1967 privatis
1124 1904 1439 1959 versabatur,
1488 1919 1643 1966 saepe
1690 1906 1743 1950 in

246 1998 536 2043 contionem
565 1990 737 2054 populi
768 1989 1033 2052 prodibat3
1081 1987 1219 2034 nulla
1247 2003 1327 2034 res
1356 1989 1516 2033 maior
1545 1989 1652 2034 sine
1683 2003 1743 2034 eo

249 2080 551 2144 gerebatur3
615 2074 849 2122 celeriter
895 2088 1026 2136 quae
1073 2087 1198 2135 opus
1246 2078 1392 2118 erant
1437 2071 1744 2133 reperiebat,

198 2174 224 2211 4
247 2163 393 2210 facile
437 2161 618 2208 eadem
659 2161 888 2206 oratione
931 2156 1238 2219 explicabat,
1278 2170 1447 2218 neque
1487 2157 1654 2202 minus
1693 2159 1746 2202 in

248 2249 399 2295 rebus
443 2244 678 2309 gerendis
720 2248 984 2305 promptus
1028 2257 1182 2304 quam
1225 2239 1574 2303 excogitandis
1618 2246 1746 2296 erat,

251 2331 389 2395 quod
417 2336 468 2376 et
497 2329 560 2376 de
587 2327 912 2381 instantibus,
940 2331 998 2372 ut
1026 2327 1097 2371 ait
1123 2323 1462 2388 Thucydides,
1490 2326 1747 2370 verissime

251 2414 509 2462 iudicabat
539 2418 592 2458 et
619 2411 683 2458 de
711 2409 893 2456 futuris
921 2408 1239 2455 callidissime
1266 2407 1564 2454 coniciebat.
1633 2407 1748 2467 Quo

254 2497 448 2545 sactum
479 2503 557 2543 est
585 2502 644 2542 ut
672 2495 813 2541 brevi
842 2500 1074 2556 tempore
1103 2491 1454 2539 illustraretur.

267 2577 355 2636 388
