1802 2942
627 158 1022 208 CORNELIUS
1067 158 1289 207 NEPOS

209 292 249 335 is
295 305 323 334 a
365 287 619 334 nonnullis
659 288 992 349 optimatibus
1033 286 1524 350 reprehendebatur,
1564 287 1702 350 quod

209 371 388 418 parum
434 355 599 401 odisse
645 354 803 400 malos
849 357 982 400 cives
1028 356 1302 402 videretur.
1371 354 1462 400 Ille
1508 361 1701 409 autem,

211 422 324 467 virl
371 424 446 467 sui
492 421 681 476 iudicii,
727 424 896 483 potius
945 423 1066 483 quid
1113 438 1166 467 se
1213 421 1382 468 facere
1428 438 1521 483 par
1566 428 1701 468 esset

209 490 509 535 intuebatur
539 505 692 550 quam
722 488 845 550 quid
875 487 956 534 alii
985 488 1241 535 laudaturi
1268 487 1454 535 forent.

274 553 356 604 10.
391 555 646 602 Conversa
692 556 861 601 subito
909 554 1115 602 fortuna
1164 562 1258 601 est.
1327 555 1402 602 Ut
1449 555 1702 602 Antonius

209 624 363 669 rediit
410 626 464 668 in
515 622 736 677 Italiam,
787 638 937 668 nemo
988 639 1090 669 non
1139 639 1326 685 magno
1375 625 1428 668 in
1477 621 1702 684 periculo

210 691 443 736 Atticum
494 696 705 752 putarat
756 696 967 751 propter
1016 692 1251 735 intimam
1302 687 1704 735 familiaritatem

159 763 183 801 2
209 757 461 803 Ciceronis
505 764 559 802 et
601 756 762 802 Bruti.
832 756 1016 818 Itaque
1059 757 1125 803 ad
1167 757 1445 803 adventum
1486 759 1703 818 impera-

211 832 379 870 torum
424 824 489 870 de
532 822 641 869 foro
686 824 994 878 decesserat,
1037 826 1223 869 timens
1268 826 1704 886 proscriptionem,

210 891 511 952 latebatque
540 891 677 952 apud
705 889 760 936 P.
790 889 1134 946 Volumnium,
1161 893 1259 945 cui,
1286 897 1346 936 ut
1372 891 1704 945 ostendimus,

211 958 361 1020 paulo
388 964 508 1003 ante
533 974 685 1019 opem
709 957 1115 1004 tulerat—tanta
1139 960 1357 1003 varietas
1381 960 1439 1003 iis
1465 960 1706 1019 tempori-

210 1026 304 1071 bus
337 1023 436 1071 fuit
467 1022 723 1079 fortunae,
757 1031 817 1071 ut
848 1025 999 1072 modo
1033 1023 1102 1079 hi,
1135 1025 1286 1071 modo
1319 1024 1391 1070 illi
1422 1027 1475 1070 in
1508 1040 1704 1071 summo

212 1099 384 1138 essent
414 1098 504 1137 aut
531 1090 738 1154 fastigio
768 1098 858 1138 aut
885 1091 1504 1154 periculo—habebatque
1533 1107 1705 1138 secum
1774 1108 1779 1112 ·

213 1159 274 1217 Q.
322 1158 543 1205 Gellium
588 1158 801 1214 Canum,
846 1158 1114 1220 aequalem
1157 1158 1568 1221 simillimumque
1611 1161 1703 1205 sui.

159 1233 184 1272 3
209 1226 320 1272 Hoc
365 1242 567 1288 quoque
612 1229 677 1272 sit
721 1226 882 1271 Attici
925 1227 1169 1272 bonitatis
1215 1225 1525 1288 exemplum,
1569 1225 1706 1288 quod

212 1310 326 1339 cum
359 1309 436 1348 eo,
469 1309 623 1355 quem
653 1309 870 1355 puerum
901 1296 952 1338 in
982 1293 1102 1339 ludo
1134 1300 1396 1355 cognorat,
1429 1293 1557 1339 adeo
1588 1309 1706 1339 con-

211 1364 383 1406 iuncte
404 1362 548 1416 vixit,
569 1366 627 1406 ut
648 1360 713 1406 ad
735 1367 1018 1406 extremam
1040 1367 1268 1406 aetatem
1289 1363 1513 1406 amicitia
1531 1375 1705 1406 eorum

212 1430 443 1473 creverit.

158 1501 186 1539 4
272 1496 525 1540 Antonius
579 1500 771 1549 autem,
824 1497 920 1539 etsi
971 1500 1119 1540 tanto
1171 1494 1286 1540 odio
1337 1491 1600 1540 ferebatur
1650 1496 1703 1539 in

214 1560 528 1616 Ciceronem,
574 1568 633 1607 ut
676 1578 778 1607 non
822 1560 984 1607 solum
1029 1563 1094 1616 ei,
1139 1561 1229 1607 sed
1274 1563 1430 1606 etiam
1474 1561 1705 1607 omnibus

213 1631 319 1674 eius
351 1631 521 1674 amicis
552 1634 688 1674 esset
716 1631 945 1673 inimicus
977 1644 1165 1689 eosque
1194 1627 1349 1674 vellet
1376 1628 1706 1690 proscribere,

211 1695 383 1741 multis
419 1695 760 1750 hortantibus,
784 1701 961 1741 tamen
996 1695 1158 1741 Attici
1192 1711 1387 1741 memor
1415 1693 1514 1741 fuit
1541 1694 1705 1749 officii,

213 1769 267 1808 et
319 1766 383 1817 ei,
435 1779 549 1808 cum
599 1765 895 1824 requisisset
946 1763 1153 1808 ubinam
1206 1769 1359 1817 esset,
1410 1778 1502 1808 sua
1550 1778 1706 1808 manu

212 1832 427 1891 scripsit,
471 1845 535 1875 ne
579 1832 788 1875 timeret
831 1831 1108 1890 statimque
1153 1829 1218 1875 ad
1261 1845 1314 1876 56
1358 1832 1591 1874 veniret:
1651 1844 1706 1876 se

214 1912 330 1942 eum
390 1903 443 1942 et
499 1895 629 1941 illius
688 1896 878 1942 causa2
937 1895 1132 1942 Canum
1190 1896 1254 1942 de
1311 1898 1705 1958 proscriptorum

163 1970 185 2008 5
209 1979 419 2010 numero
447 1965 712 2009 exemisse.
780 1963 856 2009 Ac
881 1978 946 2008 ne
973 1963 1109 2025 quod
1134 1962 1414 2025 periculum
1439 1962 1705 2018 incideret,

280 2110 296 2134 ²
326 2110 405 2154 vir,
426 2108 588 2154 addidi,
611 2108 679 2147 but
699 2108 752 2160 cf.
774 2108 889 2148 Suet.
912 2108 1006 2148 Tib.
1032 2110 1096 2148 18.
1121 2110 1157 2147 1.

219 2163 610 2255 mSStilhiIuSsScausa,
644 2163 765 2201 Mon.
797 2164 902 2209 433;
948 2163 1064 2202 illius
1094 2161 1260 2201 omitted
1290 2161 1342 2213 by
1371 2162 1411 2202 R
1421 2177 1433 2210 ;
1480 2174 1626 2209 causa,
1655 2161 1706 2214 by

278 2409 294 2433 1
323 2409 413 2447 The
435 2409 631 2460 opposite
663 2409 707 2448 of
737 2409 835 2449 boni
864 2409 1004 2459 (cives)
1027 2408 1099 2459 (cf.
1124 2414 1226 2448 note
1252 2409 1290 2456 l,
1312 2421 1353 2461 p.
1377 2408 1473 2459 662)
1493 2409 1605 2448 from
1631 2408 1706 2448 the

223 2463 411 2556 pozingecg
425 2463 604 2558 {ie3v15of
624 2462 698 2502 the
720 2463 950 2514 optimates.

217 2598 306 2650 670
