1802 2942
653 188 1047 237 CORNELIUS
1090 187 1311 236 NEPOS

232 320 387 363 etiam
423 314 650 371 infamia,
690 315 826 378 quod
862 318 915 360 in
953 315 1103 361 domo
1141 331 1233 361 sua
1269 314 1438 361 facere
1475 319 1721 379 mysteria

230 384 511 438 dicebatur,
563 382 699 444 quod
749 381 893 428 nefas
946 389 1057 428 erat
1107 398 1247 428 more
1299 381 1721 438 Atheniensium;

228 451 383 512 idque
410 466 512 495 non
539 450 605 495 ad
629 449 945 511 religionem,
972 449 1063 496 sed
1090 449 1156 496 ad
1182 452 1581 495 coniurationem
1607 466 1719 512 per-

228 521 393 564 tinere
418 517 821 563 existimabatur.

291 583 341 635 4.
377 583 487 630 Hoc
513 586 720 629 crimine
745 586 799 628 in
823 585 1059 629 contione
1078 582 1099 613 1
1126 583 1191 629 ab
1215 585 1427 629 inimicis
1453 582 1724 645 compella·

228 652 396 698 batur.
464 650 565 696 Sed
584 651 812 696 instabat
832 657 1035 712 tempus
1059 649 1125 696 ad
1144 649 1335 696 bellum
1355 649 1721 712 proficiscendi.

232 718 293 764 Id
324 718 408 763 ille
440 720 645 764 intuens
679 733 847 779 neque
880 720 1117 780 ignorans
1151 720 1334 763 civium
1368 734 1572 763 suorum
1605 734 1723 763 con-

229 785 571 839 suetudinem,
608 784 920 846 postulabat,
958 787 999 829 si
1037 784 1160 846 quid
1197 784 1261 830 de
1299 800 1354 830 se
1393 787 1476 847 agi
1513 784 1723 840 vellent,

229 855 398 913 potius
423 852 486 898 de
510 858 782 913 praesente
807 854 1038 913 quaestio
1062 850 1339 897 haberetur
1362 867 1516 913 quam
1539 852 1722 898 absens

180 925 203 963 2
225 919 443 965 invidiae
503 922 710 964 crimine
772 925 1108 964 accusaretur.
1179 917 1374 963 Inimici
1432 934 1552 964 vero
1613 921 1722 965 eius

231 986 594 1049 quiescendum
644 989 696 1031 in
747 988 1055 1047 praesentia,
1102 988 1220 1047 quia
1271 988 1440 1031 noceri
1489 988 1537 1032 ei
1555 986 1575 1015 2
1620 1002 1723 1032 non

228 1070 376 1115 posse
409 1053 800 1115 intellegebant,
835 1059 889 1099 et
921 1052 1047 1098 illud
1079 1059 1283 1114 tempus
1320 1053 1722 1114 exspectandum

231 1121 566 1167 decreverunt
609 1137 707 1182 quo
750 1123 790 1166 is
809 1119 829 1148 3
875 1122 1082 1175 exisset,
1124 1126 1183 1166 ut
1226 1120 1494 1166 absentem
1543 1136 1723 1183 aggre-

179 1196 204 1235 3
229 1188 499 1241 derentur3
580 1190 756 1249 itaque
821 1185 1070 1233 fecerunt.
1139 1186 1270 1232 Nam
1334 1193 1606 1249 postquam
1669 1190 1722 1233 in

231 1254 449 1300 Siciliam
474 1271 590 1300 eum
614 1257 904 1315 pervenisse
927 1253 1270 1309 crediderunt,
1295 1255 1561 1300 absentem
1586 1254 1723 1317 quod

231 1338 372 1368 sacra
396 1321 633 1367 violasset
655 1338 800 1367 reum
824 1320 1072 1367 fecerunt.

303 1388 418 1447 Qua
441 1389 505 1434 de
530 1405 584 1434 re
609 1405 724 1434 cum
750 1391 796 1433 ei
820 1391 1027 1434 nuntius
1054 1404 1082 1433 a
1106 1390 1410 1450 magistratu
1433 1391 1485 1433 in
1504 1387 1729 1439 Siciliam,

230 1459 409 1501 missus
436 1463 588 1510 esset,
607 1462 666 1502 ut
690 1455 896 1501 domum
916 1455 981 1501 ad
999 1471 1203 1501 causam
1222 1455 1489 1501 dicendam
1512 1456 1723 1511 rediret,

233 1530 470 1585 essetque
495 1526 547 1568 in
564 1539 751 1585 magna
775 1539 865 1584 spe
889 1525 1175 1584 provinciae
1204 1522 1337 1568 bene
1368 1522 1723 1568 administran-

233 1590 346 1645 dae,
362 1607 463 1636 non
477 1606 656 1651 parere
676 1590 836 1635 noluit
858 1597 911 1635 et
928 1593 980 1635 in
998 1593 1206 1635 trierem
1227 1605 1357 1651 quae
1379 1590 1444 1636 ad
1468 1606 1585 1635 eum
1611 1597 1723 1636 erat

180 1667 206 1701 4
230 1657 604 1718 deportandum
619 1660 771 1703 missa
789 1657 1032 1702 ascendit.
1094 1656 1204 1702 Hac
1223 1656 1434 1702 Thurios
1449 1660 1501 1702 in
1518 1656 1721 1703 Italiam

231 1732 517 1786 pervectus,
561 1724 724 1770 multa
768 1740 940 1769 secum
985 1731 1228 1785 reputans
1275 1724 1339 1770 de
1384 1724 1722 1771 immoderata

231 1794 414 1837 civium
445 1808 649 1837 suorum
679 1791 885 1837 licentia
917 1790 1322 1852 crudelitateque
1357 1807 1479 1853 erga
1510 1791 1722 1848 nobiles,

231 1858 551 1904 utilissimum
568 1865 707 1904 ratus
724 1858 1110 1919 impendentem
1128 1861 1319 1904 evitare
1337 1865 1722 1920 tempestatem,

231 1925 360 1971 clam
405 1942 458 1971 se
505 1926 569 1971 ab
613 1925 906 1971 custodibus
951 1925 1195 1971 subduxit
1241 1932 1295 1971 et
1337 1926 1456 1971 inde
1500 1929 1721 1988 primum

287 2042 304 2067 ¹
335 2042 421 2082 The
440 2042 522 2082 best
543 2042 674 2081 MSS.
697 2042 796 2082 have
817 2043 1091 2081 contentione
1113 2043 1250 2092 (-em).

288 2096 304 2120 ²
332 2098 473 2136 noceri
493 2098 546 2141 ei,
568 2096 755 2142 Bardili;
787 2109 952 2141 nocere,
974 2096 1026 2134 M
1044 2110 1094 2141 v263
1130 2097 1289 2140 noceri,
1310 2095 1373 2135 the
1392 2095 1502 2136 otker
1521 2096 1653 2137 MSS.

239 2149 435 2242 Flssecqum
471 2150 665 2196 Lambin,
702 2149 890 2200 omitting]
924 2151 984 2196 is;
1027 2162 1113 2200 quo
1149 2151 1201 2196 si,
1238 2149 1397 2196 MSS.;
1435 2163 1521 2201 quo
1558 2151 1720 2198 classis,

292 2331 309 2355 ¹
339 2331 428 2370 The
476 2331 726 2370 Eleusinian
773 2333 1012 2383 mysteries,
1048 2331 1188 2371 which
1227 2345 1336 2371 were
1383 2332 1626 2373 celebrated
1672 2338 1726 2374 ab*

235 2384 402 2424 Eleusis
429 2385 475 2423 in
503 2386 654 2424 Attica
681 2385 787 2424 with
815 2389 937 2436 great
965 2398 1147 2437 secrecy‚
1175 2386 1222 2425 in
1250 2385 1417 2425 honour
1445 2387 1490 2426 of
1517 2386 1721 2428 Demeter

237 2439 324 2477 and
345 2438 626 2489 Persephone.

293 2491 309 2515 2
338 2492 452 2583 'lThat
474 2493 525 2538 is,
550 2492 603 2531 he
627 2490 733 2530 used
756 2490 831 2530 the
855 2504 1024 2544 secrecy
1048 2492 1093 2532 of
1116 2491 1191 2531 the
1214 2493 1423 2544 meetings
1445 2493 1513 2533 for
1535 2492 1650 2546 plots
1674 2494 1721 2535 of

236 2557 337 2583 revo
356 2546 493 2585 ution.

231 2629 322 2671 440
