1802 2942
640 139 1036 190 CORNELIUS
1080 139 1303 189 NEPOS

215 286 299 327 ne,
332 273 373 317 si
407 270 502 317 tibi
535 272 602 316 sit
633 272 851 332 pecunia
883 269 1145 331 adempta,
1178 268 1357 331 aliquis
1391 268 1529 316 dicat
1559 268 1614 316 id
1646 269 1711 317 ad

214 367 299 398 me
355 357 590 413 ereptum
645 353 950 414 pervenisse,
1006 348 1142 414 quod
1197 349 1427 396 delatum
1483 352 1710 414 accipere

213 430 539 479 noluissem.’'

165 522 189 560 5
277 514 324 560 A
352 529 452 576 quo
478 529 594 559 cum
621 513 903 575 quaesisset
931 527 1030 574 quo
1056 527 1111 558 se
1138 511 1321 558 deduci
1347 510 1520 567 vellet,
1548 517 1603 560 et
1625 509 1710 559 ille

215 593 448 641 Athenas
495 593 724 648 dixisset,
769 592 1078 655 praesidium
1125 592 1287 648 dedit,
1333 598 1393 638 ut
1437 598 1553 639 tuto
1598 608 1711 655 per-

215 677 428 721 veniret.
497 673 679 736 Neque
712 689 831 719 vero
865 673 917 720 id
950 675 1072 719 satis
1106 671 1304 728 habuit,
1338 672 1429 719 sed
1462 675 1620 719 etiam
1652 679 1712 720 ut

214 755 484 802 inviolatus
549 757 602 800 in
667 770 850 800 navem
917 753 1216 800 escenderet
1279 769 1372 816 per
1438 752 1709 800 Chabriam

216 835 605 891 Atheniensem,
654 835 719 882 de
769 851 869 898 quo
919 851 1071 897 supra
1118 836 1433 880 mentionem
1482 832 1711 890 fecimus,

167 925 191 965 6
217 916 400 964 effecit.
468 916 829 963 Abstinentiae
881 918 978 962 erit
1026 914 1121 962 hoc
1171 917 1293 961 satis
1343 917 1710 962 testimonium.

218 997 441 1045 Plurima
469 997 676 1060 quidem
701 995 928 1059 proferre
954 998 1220 1058 possimus,
1247 995 1339 1042 sed
1364 995 1544 1042 modus
1572 994 1713 1042 adhi-

217 1079 415 1126 bendus
445 1085 540 1134 est,
568 1081 807 1140 quoniam
834 1093 934 1123 uno
961 1075 1056 1123 hoc
1082 1076 1335 1123 volumine
1362 1079 1521 1122 vitam
1548 1076 1713 1123 excel·

216 1160 433 1207 lentium
494 1162 713 1205 virorum
774 1157 1107 1220 complurium
1167 1156 1467 1204 concludere
1528 1159 1713 1204 consti-

219 1244 427 1296 tuimus,
490 1256 704 1303 quorum
768 1255 848 1285 res
867 1238 887 1269 1
953 1241 1229 1301 separatim
1276 1237 1449 1284 multis
1510 1237 1711 1285 milibus

218 1338 454 1369 versuum
479 1320 760 1383 complures
786 1322 1054 1382 scriptores
1079 1325 1200 1365 ante
1224 1336 1314 1366 nos
1341 1318 1673 1381 explicarunt.

283 1400 330 1452 5.
369 1402 488 1448 Fuit
525 1404 681 1448 etiam
711 1401 929 1448 disertus
961 1407 1021 1447 ut
1052 1416 1203 1447 nemo
1238 1403 1286 1446 ei
1313 1399 1585 1447 Thebanus
1620 1416 1714 1463 par

219 1490 355 1531 esset
374 1482 684 1546 eloquentia,
708 1498 878 1545 neque
896 1483 1062 1528 minus
1086 1483 1358 1528 concinnus
1382 1484 1435 1526 in
1458 1481 1713 1528 brevitate

217 1564 558 1627 respondendi
608 1580 761 1626 quam
809 1565 861 1608 in
909 1568 1161 1625 perpetua
1208 1564 1438 1608 oratione
1487 1568 1712 1609 ornatus.

168 1652 192 1689 2
217 1645 413 1691 Habuit
431 1645 830 1691 obtrectatorem
850 1641 1178 1689 Menecliden
1195 1642 1469 1705 quendam,
1486 1642 1713 1689 indidem

218 1725 423 1780 Thebis,
453 1732 506 1771 et
534 1725 876 1771 adversarium
903 1726 956 1769 in
984 1723 1385 1770 administranda
1411 1739 1465 1769 re
1493 1722 1714 1785 publica,

218 1809 340 1853 satis
370 1809 708 1852 exercitatum
738 1808 791 1850 in
819 1804 1051 1860 dicendo,
1080 1810 1139 1850 ut
1166 1803 1467 1850 Thebanum
1494 1802 1685 1851 scilicet
1701 1818 1715 1860 ;

170 1895 193 1934 3
216 1903 436 1949 namque
456 1886 526 1932 illi
545 1888 689 1949 genti
712 1885 824 1947 plus
842 1888 977 1931 inest
1003 1887 1183 1931 virium
1209 1901 1363 1947 quam
1387 1887 1595 1947 ingenii.
1664 1883 1714 1932 Is

219 1967 355 2031 quod
400 1970 453 2013 in
490 1983 545 2013 re
583 1965 791 2012 militari
827 1965 1007 2012 florere
1044 1965 1451 2028 Epaminondam
1488 1964 1715 2022 videbat,

217 2047 409 2094 hortari
430 2047 627 2094 solebat
647 2046 914 2093 Thebanos
936 2052 996 2093 ut
1015 2062 1196 2109 pacem
1216 2044 1350 2092 bello
1380 2043 1714 2102 anteferrent,

219 2146 283 2175 ne
313 2129 443 2175 illius
478 2131 796 2190 imperatoris
825 2143 981 2190 opera
1010 2126 1400 2173 desideraretur.
1468 2125 1600 2173 Huic
1628 2125 1713 2173 ille

222 2209 250 2225 ‘⁴
275 2208 478 2265 Fallis,”
505 2212 690 2272 inquit,
716 2208 744 2224 “
768 2209 921 2254 verbo
947 2210 1066 2254 civis
1092 2214 1226 2263 tuos,
1251 2207 1388 2269 quod
1414 2222 1499 2253 eos
1526 2222 1556 2252 a
1579 2206 1714 2254 bello

223 2306 400 2337 avocas
421 2290 470 2345 2;
534 2292 626 2336 otii
673 2291 808 2335 enim
854 2291 1058 2335 nomine
1105 2290 1405 2335 servitutem
1451 2286 1714 2344 concilias3

336 2437 353 2463 ¹
382 2450 462 2484 res,
484 2435 614 2476 added
634 2436 683 2486 by
705 2435 884 2476 Richter.

336 2491 353 2515 ²
383 2503 556 2536 avocas,
576 2503 619 2536 u,
639 2490 843 2537 Lambin;
874 2501 1044 2535 evocas,
1067 2487 1200 2528 MSS.
1214 2502 1225 2535 3
1255 2500 1448 2534 revocas,
1469 2487 1602 2528 Klotz.

222 2568 311 2628 538
