1747 2912
476 142 531 189 L.
583 144 677 188 AN
688 142 920 190 NAEUS
972 142 1242 191 FLORUS

115 270 363 317 haberent
399 274 451 316 in
490 287 659 329 manu,
695 274 992 333 interceptis
1030 271 1361 333 vectigalibus
1395 272 1596 334 pecula-

113 339 297 383 bantur
347 354 435 384 suo
489 341 597 384 iure
657 354 763 384 rem
809 338 1095 399 publicam3
1156 337 1397 385 senatusl
1445 339 1597 385 exilio

116 405 333 462 Metelli,
369 405 692 451 damnatione
734 405 890 450 Rutili
931 404 1225 451 debilitatus
1257 422 1406 452 omne
1441 405 1598 453 decus

57 479 84 517 4
119 475 395 518 maiestatis
442 475 690 518 amiserat.
786 472 847 517 In
901 471 996 517 hoc
1044 478 1178 518 statu
1239 488 1407 518 rerum
1452 488 1597 534 pares

113 540 289 600 opibus
325 542 502 585 animis
538 539 790 600 dignitate
821 537 982 601 (unde
1017 545 1072 585 et
1106 546 1225 585 nata
1254 538 1393 585 Livio
1431 539 1597 586 Druso

112 604 444 668 aemulatio)²
493 605 753 668 equitem³
818 605 1055 653 Servilius
1112 606 1310 667 Caepio,
1364 613 1595 653 senatum

49 681 74 719 5
113 672 282 718 Livius
321 672 511 718 Drusus
549 673 795 719 adserere.
885 672 1055 735 Signa,
1087 673 1283 735 aquilae
1320 679 1374 720 et
1414 673 1597 720 vexilla

114 739 355 786 deerant:
393 746 619 786 ceterum
667 743 736 785 sic
785 741 908 786 urbe
954 743 1008 784 in
1054 756 1153 785 una
1191 744 1331 802 quasi
1371 744 1424 786 in
1466 741 1596 787 binis

114 810 286 852 castris
329 806 675 852 dissidebatur.
752 806 890 852 Prior
929 806 1113 868 Caepio
1151 810 1203 852 in
1242 814 1473 853 senatum
1503 811 1596 853 im-

113 880 235 935 petu
285 872 420 919 facto
472 889 583 919 reos
631 874 850 920 ambitus
898 873 1140 920 Scaurum
1200 881 1253 920 et
1309 874 1595 936 Philippum

54 948 78 986 6
116 944 368 1002 principes
402 941 679 986 nobilitatis
717 940 890 1002 elegit.
967 941 1062 986 His
1095 947 1152 987 ut
1187 942 1407 988 motibus
1453 945 1595 987 resis-

110 1014 260 1065 teret,
321 1008 512 1053 Drusus
554 1007 757 1070 plebem
805 1006 869 1053 ad
917 1023 969 1053 se
1019 1007 1326 1054 Gracchanis
1376 1008 1592 1071 legibus,

115 1074 414 1136 isdemque4
455 1078 611 1120 socios
661 1074 724 1120 ad
763 1074 966 1136 plebem
1020 1091 1108 1136 spe
1159 1078 1375 1121 civitatis
1417 1079 1592 1122 erexit.

114 1140 304 1188 Extat⁵
353 1158 446 1187 vox
493 1145 665 1203 ipsius,
723 1141 848 1187 nihil
903 1157 956 1188 se
1006 1142 1070 1187 ad
1129 1141 1449 1203 largitionem
1507 1142 1597 1189 ulli

114 1209 392 1271 reliquisse,
430 1212 525 1255 nisi
567 1212 607 1254 si
649 1212 759 1270 quis
801 1215 890 1254 aut
924 1225 1134 1254 caenum
1173 1209 1399 1255 dividere
1442 1209 1598 1256 vellet

54 1282 76 1322 7
113 1283 200 1322 aut
237 1276 443 1322 caelum.
517 1275 712 1321 Aderat
744 1275 1095 1337 promulgandi
1132 1275 1255 1332 dies,
1281 1293 1395 1322 cum
1431 1277 1599 1323 subito

114 1350 258 1388 tanta
296 1347 367 1389 vis
415 1343 676 1389 hominum
723 1343 946 1404 undique
993 1347 1241 1404 apparuit,
1282 1350 1341 1389 ut
1378 1343 1598 1390 hostium

59 1419 83 1457 8
119 1410 342 1456 adventu
391 1411 590 1456 obsessa
637 1412 810 1455 civitas
858 1409 1126 1456 videretur.
1212 1410 1379 1456 Ausus
1423 1415 1598 1457 tamen

114 1478 356 1538 obrogare
381 1477 577 1539 legibus
602 1476 775 1522 consul
804 1475 1078 1538 Philippus,
1105 1476 1194 1523 sed
1225 1476 1597 1539 adprehensum

113 1544 338 1590 faucibus
364 1548 524 1589 viator
549 1560 650 1589 non
683 1550 802 1590 ante
829 1543 1018 1590 dimisit
1043 1560 1192 1606 quam
1229 1547 1430 1606 sanguis
1458 1547 1511 1589 in
1543 1560 1598 1591 os

54 1619 79 1657 9
117 1618 169 1657 et
195 1611 362 1657 oculos
400 1611 720 1657 redundaret.
796 1610 877 1657 Sic
914 1627 1005 1672 per
1040 1614 1140 1656 vim
1178 1610 1310 1657 latae
1334 1615 1597 1673 iussaeque

115 1678 267 1740 leges.
344 1678 411 1724 Et
447 1682 666 1740 pretium
703 1681 976 1739 rogationis
1013 1681 1185 1724 statim
1212 1682 1331 1724 socii
1357 1679 1598 1739 flagitare,

112 1762 225 1791 cum
278 1748 505 1807 inparem
562 1745 782 1791 Drusum
831 1761 1139 1807 aegrumque
1189 1761 1355 1791 rerum
1401 1751 1598 1792 temere

168 1873 185 1897 1
214 1877 392 1912 senatus
411 1873 447 1912 L
477 1873 584 1912 Voss.
610 1873 770 1912 Monac.
792 1873 961 1913 Palm:
991 1870 1159 1923 pilatus
1180 1874 1230 1912 B.

170 1926 187 1951 ²
214 1927 332 1966 unde
358 1933 403 1966 et
429 1931 535 1966 nata
560 1925 687 1965 Livio
714 1926 858 1965 Druso
882 1926 1121 1965 aemulatio
1152 1927 1378 1966 Graevius:
1408 1925 1525 1966 unde
1553 1931 1599 1967 et

115 1981 330 2020 natalium
365 1981 497 2020 druso
528 1980 764 2020 aemulatio
791 1984 1032 2020 accesserat
1060 1982 1123 2020 B:
1164 1980 1280 2020 unde
1307 1985 1352 2020 et
1384 1979 1601 2021 natalivio

115 2035 247 2074 druso
267 2034 504 2074 aemulatio
524 2038 767 2074 accesserat
787 2035 842 2074 N.

170 2090 186 2114 3
217 2089 409 2140 equitem
440 2089 548 2128 Voss.
570 2089 727 2128 Rehd.:
759 2087 1002 2140 equitatem
1023 2088 1085 2128 Be
1116 2086 1344 2140 aequitum
1364 2088 1461 2128 NL.

171 2143 187 2167 ⁴
213 2142 464 2194 isdemque:
496 2142 660 2182 eisdem
679 2143 775 2181 NL.

170 2196 185 2220 ⁵
216 2201 342 2236 extat
362 2198 424 2236 L:
456 2200 560 2236 exat
577 2198 630 2236 B.

159 2332 176 2356 1
205 2332 252 2372 P.
279 2331 476 2371 Rutilius
505 2331 660 2379 Rufus,
688 2331 763 2370 the
791 2331 949 2370 honest
976 2330 1148 2382 legatus
1177 2330 1222 2370 of
1251 2331 1302 2369 A.
1327 2329 1534 2371 Scaevola
1553 2331 1600 2370 in

107 2387 227 2432 Asia,
254 2399 341 2424 was
361 2386 562 2437 unjustly
583 2384 852 2424 condemned
873 2384 959 2423 and
981 2384 1124 2424 exiled
1145 2385 1190 2423 in
1210 2385 1263 2424 92
1283 2395 1365 2424 B-C.

162 2440 177 2463 ²
207 2439 250 2478 It
273 2440 308 2478 is
329 2439 579 2491 impossible
598 2444 645 2478 to
665 2437 777 2492 keep
797 2451 856 2491 up
878 2438 920 2478 in
943 2438 1125 2490 English
1155 2438 1232 2478 the
1260 2437 1365 2490 play
1384 2451 1501 2490 upon
1522 2437 1602 2478 the

108 2493 251 2532 words
272 2507 444 2532 caenum
464 2493 550 2533 and
571 2494 744 2533 caelum.

119 2585 213 2630 ²30
