1802 2942
630 137 1025 189 CORNELIUS
1071 136 1292 187 NEPOS

160 278 185 318 3
209 270 402 316 fectum
425 284 542 315 eum
563 270 806 329 scriptum
827 265 1156 329 reliquerunt.
1226 262 1506 311 Antiochus
1529 268 1703 309 autem

211 349 251 393 si
272 353 379 393 tam
399 348 451 391 in
473 345 670 408 agendo
690 344 709 374 1
729 343 862 391 bello
883 343 1096 390 consiliis
1119 345 1224 389 eius
1244 357 1424 404 parere
1444 339 1702 396 voluisset,

212 440 365 486 quam
387 425 439 468 in
461 421 777 484 suscipiendo
800 423 1110 475 instituerat,
1133 422 1336 483 propius
1358 418 1527 465 Tiberi
1551 433 1704 480 quam

211 499 560 563 Thermopylis
598 499 662 546 de
699 515 896 546 summa
931 500 1129 560 imperii
1166 497 1469 543 dimicasset.
1537 494 1705 553 Quem

214 582 309 625 etsi
330 577 492 624 multa
513 576 669 624 stulte
691 579 859 624 conari
881 576 1105 631 videbat,
1127 582 1302 622 tamen
1322 573 1461 620 nulla
1481 573 1706 620 deseruit

163 667 189 702 4
211 659 262 702 in
288 672 359 702 re.
428 654 657 702 Praefuit
681 656 853 716 paucis
879 654 1108 709 navibus,
1135 669 1259 715 quas
1286 667 1350 698 ex
1376 650 1520 714 Syria
1543 653 1705 696 iussus

215 740 326 780 erat
365 735 416 779 in
457 733 633 779 Asiam
673 732 876 786 ducere,
916 733 1077 793 iisque
1119 730 1356 776 adversus
1397 727 1707 774 Rhodiorum

214 810 424 857 classem
441 812 492 855 in
510 808 807 872 Pamphylio
824 811 951 854 mari
967 807 1207 855 conflixit.
1277 806 1391 865 Quo
1408 822 1522 852 cum
1537 804 1708 851 multi-

214 888 392 935 tudine
446 887 843 934 adversariorum
895 888 970 932 sui
1021 890 1398 947 superarentur,
1448 885 1556 945 ipse
1608 898 1707 945 quo

214 982 368 1012 cornu
393 981 502 1011 rem
527 967 685 1027 gessit
711 962 809 1010 fuit
835 965 1074 1025 superior.

279 1041 326 1092 9.
363 1041 615 1088 Antiocho
636 1040 832 1104 fugato,
847 1057 1025 1086 verens
1051 1055 1116 1086 ne
1141 1039 1433 1093 dederetur,
1450 1037 1586 1100 quod
1601 1039 1709 1084 sine

217 1120 369 1167 dubio
390 1119 669 1174 accidisset,
690 1121 731 1165 si
750 1121 825 1164 sui
845 1117 1049 1165 fecisset
1067 1124 1399 1179 potestatem,
1420 1115 1625 1162 Cretam
1646 1114 1712 1162 ad

218 1198 489 1260 Gortynios
514 1199 671 1251 venit,
695 1203 755 1242 ut
778 1196 847 1242 ibi
872 1212 971 1258 quo
996 1211 1049 1241 se
1075 1193 1328 1241 conferret
1351 1193 1709 1240 consideraret.

165 1282 190 1320 2
215 1275 355 1321 Vidit
385 1281 560 1321 autem
589 1277 662 1320 vir
691 1276 916 1320 omnium
945 1272 1291 1319 callidissimus
1320 1274 1372 1317 in
1391 1271 1411 1300 2
1439 1287 1626 1334 magno
1655 1285 1711 1317 se

217 1352 324 1399 fore
353 1351 593 1414 periculo,
611 1354 706 1398 nisi
726 1350 847 1413 quid
874 1351 1192 1413 providisset,
1210 1356 1420 1411 propter
1448 1350 1711 1394 avaritiam

220 1431 559 1486 Cretensium;
578 1446 819 1493 magnam
835 1431 969 1475 enim
984 1444 1155 1475 secum
1169 1429 1438 1490 pecuniam
1451 1426 1713 1488 portabat,

221 1508 285 1555 de
331 1524 432 1571 qua
476 1508 669 1554 sciebat
715 1510 877 1553 exisse
923 1505 1127 1552 famam.
1197 1505 1381 1568 Itaque
1426 1506 1563 1567 capit
1607 1503 1712 1550 tale

168 1594 194 1633 3
218 1586 493 1633 consilium.
562 1584 846 1647 Amphoras
892 1584 1173 1647 complures
1219 1582 1441 1645 complet
1485 1581 1711 1644 plumbo,

223 1680 444 1710 summas
469 1666 634 1725 operit
670 1679 790 1709 auro
825 1668 878 1708 et
912 1669 1141 1725 argento.
1211 1660 1335 1716 Has,
1359 1660 1713 1722 praesentibus

221 1741 545 1804 principibus,
581 1740 791 1802 deponit
823 1742 875 1785 in
909 1738 1101 1801 templo
1137 1738 1354 1793 Dianae,
1387 1736 1626 1783 simulans
1659 1751 1715 1783 se

223 1835 336 1865 suas
367 1817 593 1864 fortunas
623 1817 820 1863 illorum
850 1816 967 1863 fidei
997 1816 1219 1862 credere.
1289 1814 1381 1861 His
1411 1817 1463 1860 in
1493 1829 1713 1861 errorem

222 1895 457 1950 inductis,
480 1901 675 1941 statuas
698 1910 899 1949 aeneas,
923 1910 1046 1956 quas
1068 1910 1240 1940 secum
1260 1892 1517 1954 portabat,
1539 1893 1675 1938 omni
1692 1890 1714 1920 ³

223 1989 313 2019 sua
334 1975 548 2034 pecunia
569 1970 791 2034 complet
813 1987 1000 2034 easque
1022 1973 1073 2016 in
1094 1969 1362 2032 propatulo
1384 1969 1520 2015 domi
1542 1969 1712 2016 abicit.

172 2058 197 2095 4
224 2050 457 2113 Gortynii
479 2049 729 2112 templum
752 2065 938 2113 magna
961 2064 1081 2095 cura
1101 2048 1410 2103 custodiunt,
1432 2063 1533 2093 non
1554 2053 1664 2093 tam
1686 2062 1716 2092 a

283 2177 299 2202 1
328 2177 511 2228 agendo,
537 2176 696 2223 MSS.;
737 2176 789 2228 cf.
816 2175 990 2223 Sallust,
1016 2176 1085 2215 Or.
1113 2173 1217 2215 Oott.
1247 2175 1294 2214 11
1320 2176 1394 2227 χρ.
1421 2175 1517 2221 412,
1541 2172 1717 2224 L.G.L.)

225 2231 320 2271 belli
339 2232 389 2270 ab
408 2231 509 2270 aliis
527 2231 610 2270 acti
627 2230 756 2276 ratio3
790 2230 992 2282 gerendo,
1010 2229 1205 2269 Lambin.

282 2286 298 2309 ²
325 2285 387 2331 in,
410 2285 541 2324 added
563 2285 614 2335 by
637 2285 775 2324 Fleck.

282 2339 298 2363 ³
329 2339 462 2385 omni,
481 2339 644 2389 Nipp.;
682 2350 845 2384 omnes,
867 2336 1001 2377 MSS.

377 2486 392 2511 ²
423 2487 490 2526 He
510 2500 597 2525 was
617 2486 817 2525 defeated
837 2490 884 2525 at
903 2485 1216 2537 Thermopylae
1233 2486 1279 2524 in
1302 2486 1375 2525 191
1399 2495 1484 2524 B.c.

227 2565 254 2610 6
259 2564 318 2622 38
