1802 2942
665 125 1059 176 CORNELIUS
1106 125 1326 174 NEPOS

244 258 506 321 Ephesum
550 256 833 304 hiematum
883 258 1164 303 exercitum
1210 255 1417 302 reduxit
1464 261 1621 318 atque
1667 255 1738 303 ibi

239 339 444 386 officinis
474 354 727 384 armorum
762 339 1028 392 institutis,
1057 352 1245 399 magna
1271 336 1521 382 industria
1547 335 1738 382 bellum

241 421 520 482 apparavit.
591 418 661 465 Et
692 435 791 481 quo
823 417 1094 464 studiosius
1127 423 1444 463 armarentur
1472 419 1738 480 insignius-

243 517 342 564 que
362 506 680 555 ornarentur,
698 501 926 562 praemia
944 501 1207 562 proposuit
1227 498 1408 561 quibus
1428 498 1739 545 donarentur

192 590 215 629 3
239 598 452 645 quorum
495 583 703 644 egregia
743 583 795 626 in
839 596 900 626 ea
941 596 996 626 re
1038 577 1219 626 fuisset
1259 579 1523 625 industria.
1593 579 1738 626 Fecit

239 663 377 710 idem
417 665 470 708 in
512 664 937 709 exercitationum
978 660 1267 724 generibus,
1310 667 1386 716 ut,
1428 663 1515 723 qui
1554 663 1737 707 ceteris

239 746 633 807 praestitissent,
700 758 785 789 eos
854 744 1051 805 magnis
1119 741 1362 788 adficeret
1426 741 1736 788 muneribus.

240 825 332 871 His
350 828 505 888 igitur
521 825 671 870 rebus
698 822 865 870 effecit
881 829 940 870 ut
959 829 1012 870 et
1029 825 1403 870 ornatissimum
1422 828 1475 869 et
1493 824 1739 869 exercita-

237 909 489 953 tissimum
512 904 730 952 haberet
756 907 1052 951 exercitum.

187 994 214 1031 4
300 986 432 1033 Huic
457 1003 572 1033 cum
596 993 800 1049 tempus
828 992 964 1033 esset
988 989 1150 1032 visum
1175 988 1343 1048 copias
1370 984 1641 1032 extrahere
1673 1001 1737 1032 ex

239 1066 594 1123 hibernaculiS,
628 1067 771 1123 vidit,
803 1070 844 1113 si
877 1083 977 1130 quo
1010 1074 1147 1114 esset
1177 1070 1276 1113 iter
1307 1065 1532 1113 facturus
1567 1065 1737 1130 palam

237 1152 635 1211 pronuntiasset,
654 1147 813 1195 hostis
838 1165 939 1194 non
960 1148 1238 1195 credituros
1260 1147 1485 1211 aliasque
1503 1151 1737 1212 regiones

237 1230 500 1292 praesidiis
529 1236 861 1292 occupaturos
884 1245 1052 1292 neque
1076 1229 1396 1276 dubitaturos
1421 1229 1558 1276 aliud
1580 1245 1698 1276 eum
1715 1228 1737 1258 1

186 1320 211 1358 5
234 1309 489 1357 facturum
514 1327 581 1357 .ac
613 1313 1010 1373 pronuntiasset.
1083 1309 1267 1374 Itaque
1301 1327 1417 1356 cum
1449 1309 1533 1357 ille
1567 1309 1736 1358 Sardis

235 1395 426 1439 iturum
475 1408 529 1438 se
582 1392 812 1447 dixisset,
859 1390 1222 1454 Tissaphernes
1271 1391 1489 1438 eandem
1537 1390 1737 1438 Cariam

235 1471 614 1520 defendendam
666 1475 884 1535 putavit.
958 1472 1018 1518 In
1073 1489 1172 1535 quo
1226 1489 1342 1519 cum
1396 1488 1514 1519 eum
1566 1475 1737 1535 opinio

234 1553 501 1601 fefellisset
545 1556 839 1617 victumque
880 1570 934 1600 se
974 1553 1184 1600 vidisset
1222 1553 1445 1609 consilio,
1484 1569 1596 1600 sero
1635 1556 1735 1601 suis

236 1635 488 1698 praesidio
522 1633 781 1698 profectus
812 1641 918 1690 est3
964 1651 1084 1681 nam
1112 1651 1228 1681 cum
1255 1634 1339 1681 illo
1368 1637 1608 1691 venisset,
1633 1637 1734 1681 iam

237 1716 522 1779 Agesilaus,
580 1715 754 1762 multis
818 1715 937 1762 locis
998 1718 1322 1779 expugnatis,
1379 1732 1567 1779 magna
1625 1723 1736 1763 erat

185 1804 210 1843 6
232 1797 424 1859 praeda
470 1799 681 1859 potitus.
758 1795 892 1843 Laco
942 1803 1117 1843 autem
1166 1813 1282 1843 cum
1331 1797 1529 1843 videret
1576 1795 1735 1844 hostis

236 1881 471 1940 equitatu
519 1893 777 1940 superare,
825 1894 1104 1940 numquam
1158 1880 1211 1923 in
1259 1894 1438 1940 campo
1487 1880 1564 1924 sui
1611 1876 1735 1925 fecit

232 1965 547 2021 potestatem
575 1965 629 2005 et
655 1961 714 2005 iis
741 1958 860 2005 locis
894 1975 1103 2005 manum
1129 1962 1385 2005 conseruit
1413 1959 1594 2022 quibus
1620 1958 1734 2021 plus

234 2040 498 2102 pedestres
535 2042 710 2102 copiae
744 2039 990 2086 valerent.
1063 2038 1267 2102 Pepulit
1303 2056 1441 2103 ergo,
1479 2042 1734 2103 quotiens-

235 2136 452 2183 cumque
469 2137 765 2183 congressus
791 2127 887 2176 est,
903 2120 1066 2167 multo
1094 2123 1309 2167 maiores
1335 2120 1734 2167 adversariorum

234 2204 402 2263 copias
424 2208 478 2248 et
497 2203 567 2247 sic
591 2203 644 2247 in
665 2202 788 2248 Asia
806 2208 1036 2248 versatus
1058 2208 1154 2258 est,
1173 2208 1233 2248 ut
1252 2204 1477 2248 omnium
1496 2203 1733 2264 opinione

232 2284 392 2328 victor
415 2281 703 2328 duceretur.

295 2361 345 2411 4.
382 2362 478 2408 Η10
514 2379 628 2409 cum
665 2366 766 2408 iam
804 2365 970 2410 animo
1016 2363 1354 2410 meditaretur
1393 2361 1638 2426 proficisci
1677 2365 1730 2410 in

582 2489 599 2514 ¹
629 2502 743 2536 eum,
762 2490 800 2529 P
818 2503 869 2537 ας
889 2502 994 2537 esse,
1015 2489 1077 2531 the
1096 2489 1205 2530 other
1223 2489 1356 2530 MSS.

234 2566 324 2628 562
