1802 2942
652 149 1047 198 CORNELIUS
1092 149 1314 198 NEPOS

234 280 325 326 His
376 280 738 342 quaerentibus
788 278 1084 341 Agesilaum
1132 281 1217 324 vix
1266 278 1391 325 fides
1439 277 1579 325 facta
1625 286 1723 336 est,

180 355 207 392 4
229 363 386 393 unum
428 362 537 392 esse
580 362 643 392 ex
683 349 743 392 iis
785 348 871 408 qui
911 352 1023 392 tum
1065 345 1397 392 accubabant.
1466 345 1567 404 Qui
1607 362 1723 393 cum

232 417 365 476 regis
401 414 565 459 verbis
602 428 734 475 quae
771 412 1053 459 attulerant
1087 413 1367 468 dedissent,
1400 412 1485 459 ille
1518 420 1725 475 praeter

232 480 497 527 vitulinam
523 486 577 526 et
603 483 709 526 eius
733 480 871 526 modi
895 495 1086 542 genera
1109 480 1304 526 obsonii
1328 496 1460 542 quae
1483 496 1723 542 praesens

231 555 434 609 tempus
455 547 796 602 desiderabat,
814 545 938 592 nihil
957 549 1153 608 accepit
1169 561 1182 601 3
1216 553 1499 609 unguenta,
1516 563 1723 594 coronas

231 615 608 676 secundamque
630 630 860 660 mensam
883 617 1036 660 servis
1059 614 1332 676 dispertiit,
1354 621 1528 660 cetera
1546 613 1724 661 referri

180 691 205 729 5
227 685 387 728 iussit.
457 681 570 740 Quo
611 679 765 736 facto,
808 697 925 727 eum
965 681 1167 727 barbari
1206 684 1369 744 magis
1411 684 1569 727 etiam
1608 698 1724 728 con-

231 755 571 810 tempserunt,
611 748 748 810 quod
788 764 905 794 eum
944 750 1233 811 ignorantia
1269 749 1517 794 bonarum
1554 765 1724 795 rerum

232 816 347 862 vilia
370 818 689 877 potissimum
712 818 983 876 sumpsisse
1007 815 1401 861 arbitrabantur.

182 892 207 930 6
294 882 391 928 Hic
435 899 549 928 cum
595 898 658 928 ex
703 882 946 945 Aegypto
989 889 1351 937 reverteretur,
1395 882 1613 928 donatus
1659 883 1724 929 ab

230 966 353 1013 rege
381 949 733 995 Nectanabide
761 949 993 996 ducentis
1020 952 1200 1012 viginti
1227 949 1454 1004 talentis,
1482 965 1613 1011 quae
1639 949 1724 996 ille

231 1020 429 1062 muneri
455 1016 641 1078 populo
669 1032 758 1062 suo
785 1016 950 1071 daret,
976 1019 1302 1078 venissetque
1328 1019 1381 1062 in
1406 1023 1611 1078 portum
1638 1020 1723 1079 qui

234 1083 461 1130 Menelai
484 1090 709 1138 vocatur,
731 1086 900 1129 iacens
923 1086 1058 1129 inter
1081 1083 1305 1147 Cyrenas
1331 1089 1385 1129 et
1407 1084 1723 1146 Aegyptum,

181 1160 205 1198 7
228 1154 280 1197 in
308 1152 541 1196 morbum
569 1150 841 1211 implicitus
872 1150 1106 1197 decessit.
1175 1150 1254 1196 Ibi
1284 1167 1402 1197 eum
1431 1153 1595 1206 amici,
1624 1167 1724 1214 quo

231 1217 467 1279 Spartam
512 1216 705 1263 facilius
751 1215 977 1279 perferre
1022 1225 1250 1279 possent,
1296 1218 1432 1279 quod
1476 1217 1579 1263 mel
1623 1234 1724 1264 non

230 1285 509 1339 habebant,
556 1301 673 1330 cera
718 1283 1151 1332 circumfuderunt
1198 1291 1355 1347 atque
1386 1288 1475 1337 ‚ita
1518 1285 1724 1332 domum

228 1351 556 1399 rettulerunt.

642 1584 838 1631 XVIII.
873 1583 1211 1632 EUMENES

289 1691 338 1742 1.
377 1693 635 1739 Eumenes
664 1692 957 1739 Cardianus.
1026 1693 1190 1739 Huius
1214 1695 1255 1739 si
1279 1695 1456 1739 virtuti
1482 1709 1575 1755 par
1602 1693 1722 1740 data

233 1767 369 1807 esset
401 1759 623 1815 fortuna,
656 1777 758 1806 non
790 1760 873 1806 ille
908 1760 1115 1822 quidem
1147 1763 1308 1806 maior
1341 1763 1624 1807 exstitisset
1640 1760 1721 1795 ¹——

232 1828 368 1890 quod
391 1844 601 1890 magnos
626 1826 854 1873 homines
879 1830 1068 1873 virtute
1092 1830 1350 1882 metimur,
1367 1844 1469 1873 non
1485 1826 1724 1874 fortuna²

181 1900 205 1938 2
228 1895 383 1941 —sed
413 1894 576 1940 multo
598 1893 836 1940 illustrior
861 1901 1017 1956 atque
1040 1897 1197 1940 etiam
1220 1893 1526 1941 honoratior.
1593 1894 1722 1940 Nam

232 1978 347 2007 cum
397 1969 538 2007 aetas
589 1964 695 2007 eius
743 1961 1003 2007 incidisset
1050 1964 1103 2006 in
1153 1977 1214 2007 ea
1260 1968 1495 2023 tempora
1542 1962 1724 2024 quibus

233 2028 544 2074 Macedones
578 2027 836 2084 florerent,
871 2027 1091 2074 multum
1128 2031 1175 2074 ei
1210 2028 1438 2075 detraxit
1469 2031 1606 2075 inter
1639 2044 1724 2076 eos

292 2156 308 2179 ¹
338 2156 591 2203 exstitisset,
613 2155 744 2195 added
764 2155 815 2206 by
835 2155 989 2201 Halm3
1026 2155 1194 2201 fuisset,
1214 2154 1409 2195 Lambin.

237 2210 540 2313 ὂῃῖΡιῗῖἷὲἰρνὲ..
572 2241 581 2250 .
613 2210 794 2249 fortuna.
826 2210 932 2262 after
967 2209 1238 2257 honoratior,
1275 2209 1438 2257 MSS.;
1480 2209 1724 2260 transposed

295 2398 311 2422 ¹
341 2398 430 2437 The
448 2397 595 2437 bodies
614 2398 657 2437 of
676 2398 861 2449 Spartan
880 2398 1003 2448 kings
1020 2397 1116 2437 who
1134 2398 1233 2437 died
1250 2397 1413 2437 abroad
1429 2411 1538 2437 were
1555 2398 1724 2449 usually

237 2450 479 2544 emflffined
511 2453 558 2490 in
591 2452 746 2504 honey.
806 2452 894 2491 The
928 2451 1088 2491 friends
1123 2452 1168 2492 of
1201 2451 1423 2503 Agesilaus
1457 2451 1724 2491 substituted

236 2518 305 2544 me
418 2518 527 2545 waX.

232 2595 320 2645 572
