1802 2942
586 169 641 219 L.
693 169 1027 216 ANNAEUS
1077 169 1348 217 FLORUS

168 304 195 344 3
225 312 254 343 o
285 295 639 344 nefas—sociis
672 297 938 359 adgressus
968 298 1075 344 est!
1150 298 1266 360 Ipse
1300 301 1568 360 patricius3
1617 298 1708 346 sed

225 383 320 430 hoc
378 388 542 430 minus
602 391 708 431 est:
781 385 929 441 Curii,
993 385 1169 442 Porcii,
1228 384 1413 443 Sullae,
1474 385 1706 448 Cethegi,

224 470 476 529 Autronii,
529 472 809 534 Varguntei
867 479 1018 534 atque
1087 471 1321 534 Longini,
1374 489 1503 535 quae
1563 472 1706 519 fami-

223 558 349 605 liae!
434 575 562 622 quae
614 566 816 605 senatus
870 560 1114 621 insignia!
1202 559 1450 606 Lentulus
1509 576 1708 623 quoque

225 652 334 692 tum
366 663 479 692 cum
515 650 731 692 maxime
757 652 969 708 praetor.
1048 647 1156 692 Hos
1193 650 1353 693 omnis
1379 650 1711 693 inmanissimi

167 740 196 778 4
223 732 454 779 facinoris
507 733 752 780 satellites
810 733 1000 779 habuit.
1099 733 1347 780 Additum
1405 740 1484 780 est
1529 738 1711 796 pignus

224 824 578 867 coniurationis
626 824 827 882 sanguis
869 820 1135 877 humanus,
1172 837 1322 883 quem
1365 821 1712 868 circumlatum

225 912 412 970 pateris
448 909 652 954 bibere:
700 924 949 954 summum
992 907 1150 965 nefas,
1187 907 1275 953 ni1
1311 908 1525 970 amplius
1562 915 1712 965 esset,

167 1004 195 1041 5
225 1002 431 1058 propter
456 995 589 1058 quod
614 996 871 1042 biberunt.
941 995 1127 1041 Actum
1155 1002 1264 1042 erat
1287 995 1351 1041 de
1377 995 1713 1058 pulcherrimo

227 1086 453 1145 imperio,
511 1086 607 1129 nisi
676 1083 761 1128 illa
837 1086 1114 1129 coniuratio
1172 1086 1225 1128 in
1293 1083 1590 1130 Ciceronem
1660 1091 1715 1130 et

228 1171 506 1216 Antonium
567 1170 795 1216 consules
853 1170 1131 1228 incidisset,
1181 1186 1392 1233 quorum
1450 1171 1581 1217 alter
1638 1174 1712 1216 in-

168 1265 195 1304 6
225 1257 413 1304 dustria
449 1274 554 1304 rem
591 1257 851 1320 patefecit,
876 1257 1005 1304 alter
1038 1273 1191 1303 manu
1228 1261 1490 1320 oppressit.
1563 1258 1715 1304 Tanti

228 1345 426 1392 sceleris
474 1345 715 1391 indicium
754 1361 845 1407 per
894 1345 1120 1391 Fulviam
1159 1349 1380 1402 emersit,
1422 1345 1715 1392 vilissimum

175 1440 199 1480 7
230 1439 466 1490 scortum,
509 1432 597 1479 sed
639 1436 859 1494 patriciis
900 1435 1234 1478 innocentius.
1309 1432 1494 1478 Consul
1542 1432 1715 1480 habito

226 1527 405 1566 senatu
462 1523 515 1566 in
561 1526 881 1582 praesentem
929 1536 1069 1566 reum
1118 1522 1398 1581 peroravit3
1458 1519 1547 1567 sed
1613 1537 1715 1566 non

231 1607 445 1670 amplius
481 1607 782 1669 profectum,
809 1624 959 1669 quam
995 1614 1052 1653 ut
1088 1607 1245 1653 hostis
1283 1606 1524 1654 evaderet
1561 1624 1714 1670 seque

229 1696 374 1742 tum2
429 1694 592 1757 palam
635 1711 690 1740 ac
733 1694 955 1756 professe
994 1694 1286 1741 incendium
1325 1711 1470 1741 suum
1507 1698 1714 1742 restinc-

174 1791 201 1829 8
234 1789 404 1828 turum
441 1785 583 1827 ruina
625 1785 913 1828 minaretur.
988 1781 1055 1828 Et
1097 1781 1182 1827 ille
1221 1781 1426 1844 quidem
1467 1782 1530 1828 ad
1573 1798 1714 1844 prae-

227 1876 456 1932 paratum
481 1886 509 1914 a
548 1869 736 1914 Manlio
761 1872 813 1914 in
850 1869 1050 1915 Etruria
1086 1872 1364 1916 exercitum
1388 1869 1716 1931 proficiscitur

228 1960 371 2019 signa
395 1957 640 2003 inlaturus
665 1957 789 2002 urbi.
865 1957 1128 2013 Lentulus,
1155 1956 1466 2003 destinatum
1496 1956 1715 2004 familiae

230 2061 349 2090 suae
388 2043 643 2106 Sibyllinis
681 2045 903 2090 versibus
939 2060 1154 2105 regnum
1191 2045 1283 2090 sibi
1323 2047 1613 2102 vaticinans,
1651 2044 1715 2091 ad

233 2135 590 2194 praestitutum
614 2148 642 2176 a
679 2131 894 2177 Catilina
931 2131 1065 2177 diem
1099 2131 1223 2177 urbe
1259 2137 1368 2177 tota
1393 2134 1537 2189 viros,
1563 2131 1714 2190 faces,

176 2226 203 2264 9
238 2219 341 2265 tela
389 2219 622 2280 disponit.
696 2219 805 2265 Nec
853 2219 985 2264 civili
1028 2222 1396 2280 conspiratione
1444 2225 1715 2266 contentus

233 2305 460 2368 legatos3
522 2305 868 2368 Allobrogum,
916 2309 1001 2368 qui
1048 2312 1158 2352 tum
1213 2305 1344 2352 forte
1389 2305 1616 2364 aderant,
1663 2309 1715 2352 in

426 2453 442 2478 ¹
470 2455 540 2494 ni:
570 2468 623 2493 ne
643 2455 693 2494 B.
1161 2454 1177 2478 ²
1210 2460 1329 2494 tum:
1360 2467 1458 2493 cum
1477 2454 1526 2494 B.

487 2509 502 2532 ³
533 2508 700 2561 legatos
720 2509 948 2549 Halmius:
979 2508 1137 2560 legatis
1158 2508 1264 2549 NL:
1295 2521 1372 2549 om.
1397 2509 1448 2549 B.

235 2593 324 2639 262
