1802 2942
577 188 633 240 L.
683 186 1016 237 ANNAEUS
1067 187 1338 237 FLORUS

157 327 184 365 2
209 321 436 365 acerrimi
473 321 667 364 iuvenis
715 324 1004 380 susceperat
1051 317 1255 365 bellum.
1329 316 1534 379 Quippe
1583 333 1698 363 cum

209 400 342 442 intra
379 402 610 442 octavum
640 395 892 441 decimum
925 412 1112 440 annum
1146 401 1381 441 tenerum
1420 401 1474 441 et
1511 395 1698 440 obnox-

209 477 313 519 ium
360 480 413 519 et
460 480 800 534 opportunum
845 476 1056 518 iniuriae
1104 476 1341 518 iuvenem
1388 471 1600 529 videret,
1643 488 1697 518 se

211 551 428 613 plenae1
468 567 529 596 ex
566 550 860 597 commilitio
899 550 1122 596 Caesaris
1164 549 1443 611 dignitatis,
1479 549 1700 596 lacerare

211 628 357 674 furtis
374 628 393 657 2
418 627 798 685 hereditatem,3
824 631 987 689 ipsum
1014 630 1249 673 insectari
1276 627 1487 688 probris,
1507 630 1702 673 cunctis

158 713 186 752 3
210 707 398 752 artibus
425 708 796 766 cooptationem
824 705 981 751 Iuliae
1008 707 1175 765 gentis
1206 704 1454 761 inhibere,
1480 703 1700 766 denique

211 784 274 829 ad
299 783 686 845 opprimendum
711 785 946 828 iuvenem
970 781 1135 843 palam
1159 798 1295 826 arma
1319 781 1498 838 moliri,
1525 787 1579 827 et
1602 784 1700 826 iam

212 867 384 923 parato
410 863 634 906 exercitu
658 863 710 904 in
737 859 986 921 Cisalpina
1021 859 1184 904 Gallia
1210 862 1531 905 resistentem
1555 862 1701 904 moti-

158 948 188 984 4
211 940 302 985 bus
328 941 426 984 suis
453 937 719 983 Decimum
758 936 969 983 Brutum
995 936 1239 982 obsidere.
1314 936 1385 982 At
1402 935 1424 965 4
1459 936 1701 982 Octavius

213 1016 405 1072 Caesar,
446 1022 500 1061 et
535 1021 703 1060 aetate
742 1020 796 1060 et
831 1017 1012 1060 iniuria
1057 1013 1339 1059 favorabilis
1388 1019 1442 1059 et
1487 1016 1703 1059 nominis

213 1097 476 1139 maiestate
535 1092 669 1154 quod
728 1093 820 1138 sibi
869 1091 1119 1148 induerat,
1163 1094 1409 1137 revocatis
1456 1090 1520 1136 ad
1567 1107 1703 1136 arma

214 1174 480 1227 veteranis,
505 1173 906 1231 privatus—quis
937 1169 1173 1214 crederet
1193 1170 1210 1213 ?
1231 1167 1582 1214 ⁵—consulem
1616 1167 1703 1213 ad-

158 1258 188 1296 5
215 1248 459 1311 greditui·,
492 1247 750 1293 obsidione
790 1247 1020 1292 Mutinae
1057 1246 1239 1292 liberat
1278 1246 1505 1302 Brutum,
1542 1246 1702 1291 Anto-

214 1330 353 1372 nium
412 1328 552 1370 exuit
611 1327 797 1370 castris.
871 1324 1012 1369 Tunc
1073 1323 1278 1386 quidem
1339 1326 1492 1369 etiam
1550 1339 1702 1369 manu

214 1403 424 1466 pulcher
447 1405 691 1463 apparuit.
764 1401 894 1446 Nam
922 1408 1160 1447 cruentus
1186 1408 1239 1447 et
1265 1404 1460 1446 saucius
1485 1400 1703 1463 aquilam

213 1499 242 1528 a
276 1484 523 1526 moriente
554 1478 794 1541 signifero
820 1478 1059 1525 traditam
1097 1481 1197 1525 suis
1234 1481 1418 1524 umeris
1455 1481 1507 1523 in
1544 1484 1705 1524 castra

213 1558 479 1606 referebat.

594 1748 731 1796 XVI.
771 1747 971 1793 BELLVM
1011 1747 1295 1792 PERvsva

123 1848 263 1905 1111,5
300 1848 549 1892 ALTERUM
579 1845 768 1892 bellum
801 1849 1072 1891 concitavit
1097 1860 1327 1906 agrorum
1353 1843 1546 1901 divisio,
1571 1843 1705 1906 quod

164 1932 189 1970 2
217 1925 394 1970 Caesar
418 1927 669 1969 veteranis
688 1926 844 1985 patris
881 1926 1101 1985 pretium
1135 1921 1345 1967 militiae
1371 1920 1702 1983 persolvebat,

217 2002 427 2063 Semper
481 2001 600 2046 alias
648 2001 858 2046 Antonii
905 2003 1177 2061 pessimum
1224 2002 1485 2061 ingenium
1535 1997 1707 2043 Fulvia

217 2086 326 2126 tum
343 2079 362 2108 ⁶
411 2078 579 2140 gladio
628 2081 793 2124 cincta
838 2078 991 2123 virilis
1040 2077 1249 2122 militiae
1296 2092 1420 2122 uxor
1464 2076 1701 2137 agitabat.

218 2157 350 2219 Ergo
382 2155 616 2217 depulsos
652 2159 783 2217 agris
819 2155 1019 2201 colonos
1055 2153 1313 2200 incitando
1349 2157 1534 2200 iterum
1570 2169 1706 2198 arma

292 2263 307 2288 1
338 2276 382 2302 se
401 2262 556 2314 plenae
576 2263 746 2312 scripsi:
777 2262 814 2301 is
835 2262 988 2314 plenae
1010 2262 1047 2300 B
1064 2276 1073 2300 ε
1110 2271 1186 2300 ‘se’
1206 2261 1332 2312 plene
1352 2260 1401 2300 L.

290 2317 307 2342 ²
337 2317 494 2356 furtis:
527 2317 610 2355 viri
632 2316 760 2355 fortis
781 2318 842 2356 B:
872 2315 1002 2354 fortis
1024 2317 1065 2363 (o
1085 2317 1133 2354 in
1151 2328 1180 2354 u
1202 2317 1326 2363 mut.)
1347 2314 1396 2354 L.

291 2371 307 2396 ³
337 2378 382 2410 et
402 2370 605 2410 heredem
625 2375 718 2410 ante
740 2369 1030 2409 hereditatem
1051 2370 1147 2408 add.
1172 2369 1225 2408 B.

293 2426 309 2449 4
338 2424 546 2464 obsidere.
610 2424 673 2462 At
693 2424 901 2464 Iahnius:
933 2422 1156 2463 obsiderat
1175 2423 1240 2464 B:
1271 2420 1502 2461 obsidebat
1521 2420 1615 2462 NL.

292 2478 307 2502 ⁵
338 2478 562 2517 erederet:
596 2477 770 2517 credere
791 2479 841 2517 B.

293 2532 308 2555 ⁶
339 2537 431 2572 tum
455 2533 758 2571 Mommsenus:
789 2536 841 2571 ut
860 2532 911 2574 B.

209 2624 312 2669 ‚302
