1747 2912
551 150 606 198 L.
659 150 992 196 ANNAEUS
1042 150 1312 196 FLORUS

190 283 350 325 omnis
392 279 665 324 Callaeciae
703 278 913 340 populos
959 278 1383 339 formidatumque
1430 277 1673 323 militibus

190 351 377 397 flumen
403 352 698 408 Oblivionis,
723 358 1089 413 peragratoque
1115 354 1272 397 victor
1297 351 1489 397 Oceani
1524 350 1672 396 litore

191 441 294 470 non
318 429 453 487 prius
479 430 621 487 signa
657 429 907 472 convertit
943 441 1091 487 quarn
1129 424 1396 470 cadentem
1431 427 1483 469 in
1518 427 1674 469 maria

190 498 347 544 solem
389 500 724 561 obrutumque
762 502 901 560 aquis
949 501 1120 559 ignem
1162 514 1264 543 non
1307 501 1414 543 sine
1456 497 1673 559 quodam

193 575 439 636 sacrilegii
464 582 603 621 metu
631 582 683 620 et
707 575 911 621 horrore
937 574 1220 636 deprendit.

108 655 156 694 13
263 648 362 694 Sed
387 655 496 694 tota
521 652 852 695 certaminum
876 648 1033 694 moles
1059 665 1172 693 cum
1200 647 1452 694 Lusitanis
1488 647 1585 693 fuit
1621 652 1674 693 et

195 722 530 768 Numantinis.
605 722 713 767 Nec
739 725 985 767 inmerito.
1061 720 1263 783 Quippe
1294 722 1409 767 solis
1444 724 1675 783 gentium

194 796 471 856 Hispaniae
529 795 682 841 duces
753 799 1089 855 contigerunt.
1189 795 1384 840 Fuisset
1449 801 1502 840 et
1560 810 1674 840 cum

192 870 422 914 omnibus
447 868 728 925 Celtiberis,
755 872 850 914 nisi
885 868 987 913 dux
1022 868 1154 913 illius
1191 875 1356 914 motus
1385 871 1530 914 initio
1554 866 1674 913 belli

193 942 274 987 vi1
301 959 565 1004 oppressus
603 949 754 999 esset,
779 945 959 987 summi
985 941 1080 986 vir2
1111 948 1247 987 astus
1274 949 1327 988 et
1350 942 1602 998 audaciae,
1636 944 1676 987 si

106 1024 155 1062 14
190 1020 527 1078 processisset,
556 1016 850 1078 Olyndicus,
877 1019 961 1077 qui
998 1015 1193 1061 hastam
1229 1022 1521 1078 argenteam
1556 1031 1674 1077 qua-

192 1094 325 1136 tiens
351 1094 490 1152 quasi
516 1090 653 1135 caelo
689 1094 890 1135 missam
915 1093 1209 1135 vaticinanti
1244 1089 1416 1135 similis
1453 1092 1675 1134 omnium

191 1167 244 1208 in
270 1180 321 1209 se
352 1170 550 1209 mentes
577 1169 907 1209 converterat.
982 1161 1083 1208 Sed
1109 1179 1222 1208 cum
1256 1166 1361 1223 pari
1385 1165 1676 1208 temeritate

194 1238 286 1283 sub
323 1244 473 1283 nocte
510 1244 670 1283 castra
714 1237 929 1282 consulis
969 1236 1171 1292 adisset,
1214 1240 1354 1282 iuxta
1398 1239 1676 1282 tentorium

107 1320 154 1358 15
187 1315 350 1373 ipsum
375 1311 477 1373 pilo
502 1311 665 1373 vigilis
699 1317 942 1372 exceptus
980 1317 1071 1356 est.
1147 1310 1384 1356 Ceterum
1413 1310 1677 1356 Lusitanos

193 1385 411 1430 Viriatus
459 1388 636 1440 erexit,
676 1387 749 1428 vir
791 1383 1079 1429 calliditatis
1119 1387 1403 1429 acerrimae.
1478 1382 1578 1440 Qui
1615 1400 1676 1428 ex

193 1466 431 1505 venatore
456 1458 600 1513 latro,
618 1474 679 1504 ex
704 1457 899 1504 latrone
926 1459 1092 1503 subito
1107 1457 1209 1502 dux
1227 1463 1380 1518 atque
1405 1460 1678 1518 imperator

194 1540 263 1589 et,
312 1537 351 1578 si
399 1532 601 1578 fortuna
654 1535 900 1588 cessisset,
955 1532 1230 1593 Hispaniae
1281 1530 1537 1585 Romulus,
1575 1547 1677 1576 non

193 1613 464 1653 contentus
496 1607 787 1651 libertatem
834 1622 1035 1651 suorum
1074 1605 1371 1662 defendere,
1412 1622 1502 1666 per
1539 1612 1677 1667 quat-

193 1679 509 1727 tuordecim3
533 1696 689 1725 annos
715 1683 881 1724 omnia
906 1683 1029 1725 citra
1064 1679 1295 1740 ultraque
1335 1679 1586 1724 Hiberum
1623 1686 1677 1726 et

107 1761 156 1800 16
191 1754 385 1816 Tagum
424 1757 530 1815 igni
572 1753 803 1815 ferroque
838 1753 1120 1815 populatus,
1153 1760 1314 1798 castra
1345 1757 1498 1798 etiam
1533 1769 1676 1814 prae-

191 1835 358 1874 torum
384 1834 436 1874 et
471 1827 717 1888 praesidia
737 1827 757 1855 4
779 1827 1059 1888 adgressus,
1085 1826 1348 1872 Claudium
1373 1827 1676 1872 Vnimanum

192 1918 355 1964 paene
379 1901 442 1946 ad
468 1904 854 1947 internicionem
879 1905 1128 1947 exercitus
1154 1897 1370 1946 cecidit5
1391 1907 1444 1946 et
1462 1904 1678 1961 insignia

193 1977 378 2022 trabeis
404 1982 456 2021 et
482 1975 693 2021 fascibus
730 1978 912 2021 nostris
946 1991 1073 2037 quae
1110 1981 1315 2036 ceperat
1345 1978 1398 2019 in
1422 1975 1678 2021 montibus

250 2090 266 2113 1
297 2089 339 2128 vi
361 2090 568 2128 Iahnius:
599 2093 651 2128 ut
670 2090 719 2129 B.

252 2143 268 2167 ²
299 2143 455 2181 summi
504 2143 571 2180 vir
616 2146 740 2181 astus
787 2146 832 2182 et
883 2142 1091 2181 audaciae
1140 2143 1313 2192 scripsi:
1364 2155 1558 2182 summae
1607 2142 1678 2182 uir

200 2197 409 2235 audaciae
429 2198 467 2235 B
484 2210 492 2237 :
528 2209 720 2235 summus
741 2197 810 2235 uir
829 2201 1005 2235 astutus
1026 2201 1071 2235 eb
1090 2195 1298 2235 audaciae
1320 2197 1410 2236 NL.

252 2252 268 2275 3
299 2249 677 2302 quattuordecim:
709 2254 922 2302 quattuor
944 2250 1005 2289 B:
1040 2250 1181 2289 XIIII
1204 2250 1297 2290 NL.

253 2305 269 2328 ⁴
296 2303 512 2355 praesidia
533 2305 764 2344 Halmius:
792 2303 1058 2355 praesidium
1077 2305 1187 2343 codd.

250 2357 268 2381 ⁵
298 2357 457 2397 cecidit
477 2362 523 2397 et
544 2359 878 2397 Freinshemius:
911 2357 1140 2397 cecidisset
1159 2358 1271 2397 codd.

375 2487 391 2510 1
421 2486 527 2526 Also
547 2486 686 2526 called
706 2486 783 2526 the
804 2486 979 2526 Limaea
1001 2485 1189 2537 (Strabo,
1214 2486 1298 2535 ΙΙΙ,
1325 2500 1364 2538 p.
1393 2488 1499 2536 153).

200 2566 291 2620 148
