1802 2942
636 153 1032 203 CORNELIUS
1080 153 1301 201 NEPOS

291 282 338 332 2.
376 282 570 328 Primus
628 289 802 329 autem
857 282 1042 345 gradus
1098 280 1198 328 fuit
1251 281 1594 344 capessendae
1643 283 1717 328 rei

226 349 457 411 publicae
477 349 609 395 bello
630 349 910 412 Corcyraeo
926 364 938 404 3
977 349 1043 396 ad
1062 349 1198 411 quod
1216 348 1497 411 gerendum
1515 354 1721 410 praetor

228 433 258 462 a
278 416 463 478 populo
486 415 668 472 factus,
690 433 792 462 non
814 415 976 462 solum
996 419 1254 478 praesenti
1276 415 1427 470 bello,
1450 415 1542 462 sed
1563 418 1721 461 etiam

177 489 202 526 2
225 484 418 545 reliquo
437 491 669 545 tempore
688 481 985 529 ferociorem
1003 483 1226 529 reddidit
1244 485 1521 528 civitatem.
1589 481 1722 528 Nam

228 567 343 596 cum
397 553 614 612 pecunia
667 550 885 612 publica,
934 566 1066 612 quae
1115 565 1178 595 ex
1227 549 1446 595 metallis
1500 548 1722 603 redibat,

228 616 495 680 largitione
552 621 945 680 magistratuum
1003 619 1272 679 quotannis
1329 618 1581 671 interiret,
1637 615 1721 661 ille

228 687 478 746 persuasit
498 685 684 746 populo
706 691 764 730 ut
786 700 847 730 ea
866 687 1082 746 pecunia
1102 683 1269 729 classis
1292 690 1498 729 centum
1518 684 1722 728 navium

180 759 203 797 3
229 751 594 798 aedificaretur.
665 750 780 809 Qua
807 750 1041 797 celeriter
1070 749 1267 805 effecta,
1294 753 1514 811 primum
1542 749 1724 811 Corcy-

228 834 371 864 raeos
391 817 562 880 fregit,
584 818 768 864 deinde
787 820 1065 864 maritimos
1084 817 1365 879 praedones
1385 816 1723 863 consectando

228 901 368 931 mare
402 892 574 931 tutum
605 885 843 931 reddidit.
913 884 975 930 In
1008 901 1108 946 quo
1141 900 1256 930 cum
1289 884 1475 930 divitiis
1509 886 1723 938 ornavit,

229 959 341 998 tum
361 955 516 998 etiam
533 955 862 1014 peritissimos
879 951 1000 998 belli
1016 950 1206 997 navalis
1225 950 1348 997 fecit
1365 949 1722 997 Athenienses.

180 1027 205 1063 4
231 1019 291 1066 Id
336 1026 558 1081 quantae
603 1019 753 1065 saluti
796 1017 952 1065 fuerit
994 1021 1258 1064 universae
1303 1017 1548 1064 Graeciae
1589 1016 1724 1063 bello

230 1090 491 1149 cognitum
533 1092 612 1132 est
653 1085 867 1132 Persico.
937 1085 1069 1131 Nam
1110 1102 1225 1131 cum
1264 1085 1461 1131 Xerxes
1504 1091 1558 1131 et
1596 1086 1725 1130 mari

233 1160 286 1199 et
333 1160 471 1199 terra
517 1153 708 1199 bellum
755 1155 1019 1199 universae
1067 1151 1280 1198 inferret
1327 1152 1563 1214 Europae
1611 1167 1726 1197 cum

178 1228 205 1266 5
229 1224 385 1266 tantis
413 1223 566 1281 copiis
587 1220 606 1249 1
633 1227 850 1282 quantas
876 1235 1045 1281 neque
1073 1226 1193 1265 ante
1219 1235 1313 1265 nee
1339 1226 1520 1281 postea
1545 1217 1726 1264 habuit

232 1286 710 1349 quisquam—huius
750 1290 885 1332 enim
922 1286 1089 1332 classis
1125 1286 1262 1332 mille
1301 1293 1355 1332 et
1391 1286 1727 1333 ducentarum

232 1357 435 1400 navium
463 1354 729 1417 longarum
758 1352 873 1408 fuit,
904 1370 1057 1416 quam
1088 1353 1187 1399 duo
1216 1353 1355 1399 milia
1383 1356 1728 1399 onerariarum

232 1422 604 1483 sequebantur3
690 1427 959 1467 terrestres
1029 1427 1204 1466 autem
1271 1423 1522 1466 exercitus
1591 1413 1729 1469 DC&

179 1495 206 1534 6
230 1488 480 1550 peditum,
501 1491 733 1551 equitum
753 1492 920 1538 CCCU
945 1487 1153 1534 fuerunt
1173 1490 1393 1543 3—cuius
1419 1487 1484 1534 de
1504 1486 1729 1534 adventu

233 1571 347 1601 cum
392 1554 529 1601 fama
572 1558 625 1601 in
671 1555 938 1603 Graeciam
984 1561 1120 1601 esset
1163 1553 1362 1617 perlata
1407 1561 1462 1601 et
1503 1557 1727 1601 maxime

234 1621 574 1668 Athenienses
604 1625 713 1684 peti
744 1624 1033 1670 dicerentur
1062 1628 1272 1684 propter
1300 1637 1526 1684 pugnam
1558 1621 1729 1668 Mara-

233 1688 478 1744 thoniam,
500 1692 748 1736 miserunt
772 1689 998 1752 Delphos
1022 1689 1307 1736 consultum
1331 1688 1573 1752 quidnam
1594 1687 1729 1736 face-

232 1763 348 1803 rent
375 1757 439 1802 de
465 1757 616 1802 rebus
644 1759 760 1804 suis.

183 1830 206 1869 7
296 1823 711 1869 Deliberantibus
774 1821 961 1887 Pythia
1020 1822 1283 1884 respondit
1343 1828 1403 1868 ut
1462 1821 1728 1868 moenibus

232 1889 411 1953 ligneis
438 1907 491 1936 se
518 1893 790 1937 munirent.
861 1889 923 1936 Id
946 1905 1243 1952 responsum
1270 1905 1369 1951 quo
1395 1888 1590 1936 valeret
1614 1905 1730 1936 eum

234 1957 559 2020 intellegeret
590 1974 758 2013 nemo,
790 1956 1154 2003 Themistocles
1186 1959 1438 2018 persuasit
1468 1955 1730 2002 consilium

236 2040 345 2070 esse
388 2024 651 2086 Apollinis,
694 2031 752 2071 ut
793 2027 845 2070 in
886 2040 1039 2070 naves
1082 2039 1136 2070 se
1177 2039 1371 2085 suaque
1412 2021 1730 2070 conferrent:

183 2099 208 2136 8
235 2107 351 2137 eum
391 2095 525 2137 enim
565 2108 594 2136 a
633 2092 728 2138 deo
768 2091 1036 2154 significari
1073 2107 1274 2136 murum
1311 2090 1553 2153 ligneum.
1620 2089 1730 2136 Tali

235 2158 438 2204 consilio
463 2159 695 2221 probato,
716 2158 913 2205 addunt
938 2158 1003 2205 ad
1027 2160 1308 2220 superiores
1333 2157 1552 2204 totidem
1575 2173 1730 2204 naves

296 2255 312 2279 1
342 2256 476 2306 copiis
505 2268 602 2294 eam
630 2256 795 2294 invasit
825 2257 939 2305 (eam
968 2256 1117 2306 copiis,
1147 2253 1201 2293 M
1213 2254 1316 2301 Ελς
1357 2266 1455 2293 eam
1484 2253 1651 2294 omitted
1678 2253 1731 2305 by

240 2308 310 2358 R),
335 2309 380 2347 M
397 2309 437 2347 R
455 2322 484 2347 u
502 2309 535 2347 F
555 2318 605 2355 λ;
647 2310 780 2360 copiis
805 2310 942 2355 venit,
965 2325 993 2357 μ
1018 2308 1051 2348 V
1075 2308 1161 2347 and
1184 2307 1295 2348 other
1316 2307 1494 2359 inferior
1516 2306 1651 2347 MSS.

239 2416 434 2508 Ala-The
466 2417 596 2456 silver
627 2417 764 2456 mines
794 2421 841 2456 at
874 2416 1097 2463 Laurium,
1122 2416 1171 2454 in
1203 2415 1278 2455 the
1310 2414 1521 2455 southern
1551 2419 1653 2467 part
1683 2414 1730 2455 of

323 2483 401 2508 lca.

297 2524 312 2546 ²
341 2523 419 2563 See
441 2527 544 2563 note
567 2524 608 2571 2,
631 2536 674 2575 p.
698 2524 792 2564 384.

249 2598 339 2641 390
