1802 2942
645 146 1040 195 CORNELIUS
1086 144 1307 194 NEPOS

225 279 369 325 Bruti
403 284 640 332 matrem,
675 293 778 323 non
812 279 978 323 minus
1013 282 1130 339 post
1164 282 1386 322 mortem
1421 278 1529 323 eius
1565 292 1719 339 quam

226 345 494 391 florentem
521 343 750 390 coluerit.

178 421 199 458 5
287 411 366 458 Sic
417 411 727 458 liberalitate
782 417 932 456 utens
986 408 1148 455 nullas
1201 411 1489 456 inimicitias
1542 412 1719 473 gessit,

226 480 362 541 quod
403 494 570 541 neque
611 477 855 524 laedebat
890 493 1219 539 quemquam,
1252 493 1440 539 neque,
1483 479 1523 523 si
1565 494 1720 540 quam

225 548 458 592 iniuriam
513 551 799 607 acceperat,
853 561 956 590 non
1008 543 1236 590 malebat
1289 543 1513 590 oblivisci
1566 561 1720 606 quam

227 613 411 659 ulcisci.
480 612 625 659 Idem
662 610 936 657 immortali
971 614 1217 657 memoria
1252 618 1498 673 percepta
1531 614 1720 658 retine-

227 682 318 727 bat
350 679 626 733 beneficia3
678 695 810 741 quae
843 685 1018 724 autem
1050 681 1158 739 ipse
1191 679 1461 733 tribuerat,
1492 684 1601 724 tam
1632 678 1720 725 diu

226 750 530 793 meminerat
577 746 745 808 quoad
789 745 874 791 ille
920 751 1096 808 gratus
1144 752 1255 790 erat
1301 747 1388 807 qui
1433 752 1717 808 acceperat.

177 821 201 859 6
226 814 410 877 Itaque
435 812 515 859 hic
539 812 663 859 fecit
688 820 746 859 ut
770 828 889 858 vere
915 813 1109 858 dictum
1133 812 1395 858 videatur:

290 914 376 961 Sui
412 914 594 976 cuique
630 929 795 960 mores
831 911 1038 976 fingunt
1072 911 1330 959 fortunam
1365 911 1669 960 h6minibus.

230 1016 409 1078 Neque
431 1023 608 1061 tamen
628 1014 713 1060 ille
734 1017 871 1077 prius
893 1012 1152 1060 fortunam
1174 1030 1328 1076 quam
1349 1030 1403 1060 se
1424 1017 1532 1076 ipse
1554 1014 1718 1071 finxit,

229 1087 315 1146 qui
339 1086 473 1129 cavit
497 1098 562 1128 ne
589 1099 690 1144 qua
712 1085 765 1128 in
789 1098 843 1127 re
867 1085 977 1128 iure
1001 1081 1330 1144 plecteretur.

292 1148 374 1198 12.
409 1149 502 1196 His
557 1153 715 1212 igitur
768 1149 920 1195 rebus
978 1147 1147 1194 effecit
1201 1154 1261 1194 ut
1319 1147 1393 1194 M.
1451 1147 1719 1210 Vipsanius

228 1218 475 1280 Agrippa,
500 1220 681 1262 intima
706 1215 1055 1262 familiaritate
1082 1218 1379 1261 coniunctus
1405 1215 1720 1262 adulescenti

229 1285 451 1339 Caesari,
500 1300 615 1330 cum
664 1290 876 1345 propter
923 1299 1068 1329 suam
1117 1285 1337 1345 gratiam
1387 1289 1442 1328 et
1491 1282 1719 1330 Caesaris

228 1354 515 1414 potentiam
561 1349 744 1396 nullius
791 1349 1096 1396 condicionis
1142 1366 1244 1395 non
1290 1348 1507 1396 haberet
1550 1358 1721 1412 potes-

229 1426 411 1473 tatem,
443 1420 763 1480 potissimum
797 1420 903 1463 eius
937 1416 1190 1479 deligeret
1222 1416 1544 1463 adfinitatem
1575 1433 1721 1479 prae-

229 1492 536 1548 optaretque
605 1487 790 1547 equitis
857 1483 1073 1530 Romani
1140 1483 1294 1529 filiam
1359 1500 1721 1546 generosarum

179 1558 203 1595 2
226 1556 432 1615 nuptiis.
501 1553 676 1614 Atque
721 1550 902 1597 harum
947 1553 1242 1613 nuptiarum
1287 1551 1579 1597 conciliator
1621 1550 1721 1598 fuit

228 1637 394 1666 —non
435 1626 514 1665 est
554 1622 690 1665 enim
727 1617 1140 1665 celandum—M.
1181 1619 1454 1673 Antonius,
1490 1621 1722 1665 triumvir

229 1690 303 1733 rei
365 1686 599 1748 publicae
663 1685 1095 1732 constituendae.1
1160 1685 1313 1731 Cuius
1377 1689 1544 1748 gratia
1605 1703 1721 1732 cum

230 1770 419 1816 augere
468 1756 808 1814 possessiones
855 1759 1031 1814 posset
1078 1769 1211 1808 suas,
1259 1759 1464 1798 tantum
1513 1751 1644 1799 afuit
1691 1770 1722 1799 a

230 1820 512 1882 cupiditate
537 1823 803 1881 pecuniae,
821 1827 881 1866 ut
897 1819 1037 1865 nulla
1058 1822 1112 1865 in
1133 1835 1189 1865 re
1213 1836 1332 1865 usus
1356 1821 1423 1864 sit
1448 1835 1526 1875 ea,
1550 1822 1645 1866 nisi
1668 1823 1721 1866 in

230 1888 561 1949 deprecandis
587 1890 861 1933 amicorum
887 1893 977 1932 aut
999 1886 1235 1948 periculis
1261 1893 1351 1932 aut
1373 1887 1718 1933 incommodis.

180 1962 204 2000 3
293 1954 443 2012 Quod
486 1955 693 2016 quidem
737 1955 830 2000 sub
873 1957 983 2015 ipsa
1024 1956 1391 2015 proscriptione
1433 1953 1721 2015 perillustre

230 2020 345 2068 fuit.
414 2021 545 2067 Nam
576 2038 690 2067 cum
723 2020 781 2067 L.
814 2019 987 2067 Saufei
1017 2023 1203 2083 equitis
1234 2020 1466 2076 Romani,
1495 2020 1720 2084 aequalis

556 2171 574 2198 ¹
601 2173 948 2219 constituendae,
968 2172 1101 2212 added
1121 2172 1172 2223 by
1192 2171 1386 2212 Lambin.

289 2390 306 2414 1
335 2390 425 2429 The
458 2390 617 2430 author
650 2391 695 2430 of
726 2390 814 2429 this
844 2391 1004 2430 iambic
1036 2391 1228 2430 senarius
1258 2391 1295 2430 is
1328 2391 1547 2430 unknown
1557 2406 1569 2439 3
1617 2392 1655 2431 it
1685 2393 1722 2432 is

233 2444 476 2484 attributed
501 2444 559 2495 by
583 2444 728 2484 Cicero
753 2445 927 2493 (Parad.
953 2458 994 2484 V.
1021 2446 1091 2494 34)
1115 2448 1163 2484 to
1187 2444 1357 2494 sapiens
1376 2450 1512 2497 poeta.

290 2499 306 2522 ²
337 2498 566 2544 Octavian,
591 2499 666 2537 the
691 2499 837 2538 future
863 2511 1059 2551 emperor
1082 2498 1319 2550 Augustus.

233 2578 325 2637 674
