1747 2912
72 1420 140 1460 111,

522 130 578 176 L.
632 130 961 176 ANNAEUS
1011 130 1280 177 FLORUS

163 258 419 304 consulem
496 257 703 314 faceret,
765 258 814 303 C.
879 258 1178 304 Memmium
1198 258 1218 288 1
1277 261 1644 321 conpetitorem

161 335 375 382 interfici
413 338 571 391 iussit,
598 341 650 381 et
675 338 727 379 in
753 351 812 381 eo
837 335 1059 381 tumultu
1086 351 1260 397 regem
1285 352 1338 382 se
1363 353 1391 381 a
1416 335 1644 382 satelliti-

164 413 255 458 bus
275 411 295 441 2
318 415 416 458 suis
442 411 753 473 appellatum
778 412 940 458 laetus
966 416 1175 474 accepit.
1249 412 1378 458 Tum
1404 429 1521 459 vero
1545 416 1644 458 iam

161 492 529 551 conspiratione
587 496 806 546 senatus,
873 493 980 551 ipso
1044 506 1244 552 quoque
1314 494 1413 536 iam
1484 490 1647 535 Mario

162 566 381 624 consule,
424 569 540 629 quia
586 570 718 612 tueri
756 582 859 612 non
901 573 1118 628 poterat,
1155 567 1383 625 adverso,
1421 567 1645 614 directae

166 648 219 690 in
243 644 350 690 foro
374 647 537 699 acics;
575 644 746 705 pulsus
782 643 901 690 inde
939 644 1241 706 Capitolium
1277 648 1470 691 invasit.
1544 644 1645 691 Sed

161 738 274 768 cum
328 722 553 783 abruptis
608 721 784 767 fistulis
838 721 1154 768 obsideretur
1209 725 1508 784 senatuique
1555 738 1648 784 per

159 799 354 860 legatos
413 801 758 860 paenitentiae
817 798 968 844 fidem
1027 798 1233 856 faceret,
1282 800 1345 844 ab
1391 814 1504 845 arce
1554 799 1640 846 de-

160 891 358 938 gressus
400 892 513 921 cum
560 876 770 921 ducibus
809 875 1040 922 factionis
1088 883 1323 938 receptus
1370 879 1423 921 in
1459 879 1643 922 curiam

159 960 249 1000 est.
344 953 419 998 Ibi
468 969 583 998 eum
637 952 769 999 facta
819 956 1110 1014 inruptione
1157 953 1372 1015 populus
1430 953 1646 1000 fustibus

161 1034 389 1093 saxisque
415 1037 648 1092 opertum
672 1033 725 1075 in
750 1033 856 1092 ipsa
880 1046 1079 1093 quoque
1104 1037 1267 1077 morte
1290 1030 1540 1077 laceravit.

593 1303 653 1350 V.
704 1303 908 1350 Sammo
948 1303 1207 1349 DavsmNA

158 1403 217 1450 17
258 1403 522 1450 POSTREMO
571 1401 740 1447 Livius
784 1401 976 1448 Drusus
1013 1417 1114 1446 non
1162 1402 1448 1447 tribunatus
1495 1401 1646 1447 modo

157 1481 357 1537 viribus,
406 1479 494 1526 sed
553 1482 707 1541 ipsius
757 1483 910 1525 etiam
964 1485 1167 1525 senatus
1217 1481 1518 1525 auctoritate
1567 1485 1643 1525 to-

155 1561 357 1620 tiusque
419 1557 595 1603 Italiae
655 1572 904 1604 consensu
963 1555 1167 1602 easdem
1214 1555 1355 1617 leges
1410 1555 1642 1603 adserere

158 1642 383 1691 conatus,
408 1634 529 1680 dum
562 1634 713 1679 alium
753 1640 924 1695 captat
949 1649 1010 1679 ex
1035 1633 1147 1690 alio,
1174 1639 1375 1679 tantum
1412 1633 1644 1680 conflavit

155 1711 461 1767 incendium,
487 1717 544 1757 ut
581 1727 676 1757 nec
697 1711 716 1740 3
741 1714 949 1772 primam
989 1710 1122 1755 illius
1159 1710 1409 1755 flammam
1429 1708 1451 1738 4
1474 1717 1644 1772 posset

155 1792 403 1835 sustinere
429 1795 482 1834 et
507 1789 671 1834 subita
706 1795 868 1834 morte
907 1794 1166 1849 correptus
1201 1787 1564 1834 hereditarium
1589 1791 1641 1833 in

158 1873 382 1928 posteros
430 1882 542 1911 suos
585 1865 775 1911 bellum
823 1871 1137 1927 propagaret.
1229 1864 1493 1910 Iudiciaria
1526 1865 1641 1927 lege

157 1942 372 1988 Gracchi
409 1942 683 1988 diviserant
720 1941 961 2003 populum
1000 1941 1279 1986 Romanum
1305 1947 1358 1987 et
1380 1941 1640 2002 bicipitem

158 2037 219 2067 ex
257 2037 355 2065 una
393 2019 620 2065 fecerant
660 2022 930 2065 civitatem.
1005 2018 1215 2080 Equites
1255 2018 1463 2064 Romani
1496 2025 1640 2065 tanta

157 2104 409 2160 potestate
436 2098 650 2154 subnixi,
675 2103 732 2142 ut
757 2099 842 2158 qui
867 2095 970 2142 fata
996 2095 1322 2158 fortunasque
1356 2099 1638 2157 principum

211 2204 226 2228 ¹
257 2203 303 2243 C.
326 2202 612 2242 Memmium:
642 2202 839 2254 publium
882 2200 1134 2241 mummium
1166 2203 1229 2241 B:
1260 2215 1296 2240 c.
1317 2201 1636 2242 menmiumL=

154 2271 187 2298 c.
215 2257 464 2296 memmium
484 2257 573 2296 N2:
605 2257 656 2296 cf.
684 2257 777 2295 Liv.
792 2270 882 2307 per.
900 2257 965 2304 69,
991 2257 1100 2296 Sall.
1121 2257 1214 2306 [τις.
1235 2256 1301 2304 27,
1324 2257 1364 2296 2.

208 2312 223 2336 ²
254 2326 299 2351 se
320 2326 344 2350 a
364 2310 633 2350 satellitibus
655 2311 884 2350 Halmius:
917 2309 1220 2349 exatellitibus
1241 2310 1291 2349 B.

211 2367 227 2390 ³
257 2379 336 2404 nec
365 2367 563 2405 Vinetus:
594 2378 648 2403 ne
669 2365 778 2403 codd.
1438 2406 1442 2408 ,

210 2419 226 2442 4
255 2420 441 2470 primam
472 2418 592 2457 illius
625 2416 842 2457 flammam
874 2417 1057 2456 Iahnius
1127 2415 1270 2468 prima
1305 2414 1425 2456 illius
1463 2414 1636 2456 flamma

156 2475 266 2512 codd.

156 2558 179 2588 2
190 2543 250 2588 28
