1802 2942
643 171 1037 221 CORNELIUS
1083 171 1303 221 NEPOS

225 300 555 355 arbitramur3
620 316 788 363 neque
836 317 1078 363 umquam
1124 304 1232 347 sine
1279 301 1448 364 aliqua
1491 299 1710 348 lectione

225 372 361 434 apud
393 389 510 419 eum
541 380 781 420 cenatum
813 380 909 428 est,
940 380 1000 419 ut
1029 390 1131 419 non
1160 377 1325 420 minus
1359 377 1526 420 animo
1557 390 1710 436 quam

165 449 189 486 2
219 452 396 491 ventre
434 449 673 492 convivae
712 445 1106 493 delectarentur.
1175 446 1408 510 Namque
1446 463 1531 494 eos
1566 464 1712 494 voca-

223 518 332 573 bat,
371 535 585 581 quorum
621 536 786 566 mores
825 536 855 565 a
891 523 992 566 suis
1030 536 1131 566 non
1169 519 1515 566 abhorrerent.
1583 519 1711 566 Cum

222 598 370 638 tanta
385 595 632 654 pecuniae
649 591 788 639 facta
806 600 942 639 esset
959 596 1194 648 accessio,
1211 592 1335 640 nihil
1352 593 1416 640 de
1433 593 1710 640 cottidiano

223 665 363 711 cultu
388 669 624 721 mutavit,
651 665 774 712 nihil
800 666 863 713 de
890 669 1026 712 vitae
1051 667 1437 722 consuetudine,
1461 673 1710 730 tantaque

224 755 342 785 usus
375 746 454 785 est
485 740 835 786 moderatione
868 747 926 786 ut
957 756 1125 803 neque
1156 743 1209 786 in
1240 743 1477 787 sestertio
1507 743 1711 796 viciens,

225 812 361 874 quod
386 829 415 858 a
439 821 586 875 patre
613 821 898 875 acceperat,
923 830 1103 875 parum
1127 830 1182 860 se
1208 814 1472 876 splendide
1497 817 1714 878 gesserit

223 902 391 948 neque
415 889 467 932 in
492 889 727 933 sestertio
751 889 980 933 centiens
1006 886 1310 933 adfluentius
1335 889 1537 942 vixerit,
1559 903 1713 950 quam

223 962 535 1014 instituerat,
593 963 804 1022 parique
861 958 1067 1023 fastigio
1123 963 1330 1007 steterit
1385 963 1438 1007 in
1495 967 1712 1024 utraque

176 1040 200 1078 3
222 1032 441 1079 fortuna.
511 1033 684 1080 Nullos
717 1033 897 1080 habuit
928 1033 1118 1088 hortos,
1149 1033 1339 1080 nullam
1371 1035 1714 1081 suburbanam

227 1113 316 1153 aut
343 1110 650 1152 maritimam
678 1114 1028 1169 sumptuosam
1055 1107 1241 1162 villam,
1269 1123 1437 1170 neque
1464 1111 1518 1153 in
1545 1107 1713 1162 Italia,

224 1188 430 1241 praeter
463 1181 759 1226 Arretinum
794 1187 848 1227 et
883 1180 1279 1235 Nomentanum,
1302 1183 1546 1227 rusticum
1568 1197 1714 1243 prae-

225 1253 382 1308 dium,
416 1258 679 1316 omnisque
715 1256 821 1300 eius
854 1256 1102 1316 pecuniae
1133 1253 1327 1300 reditus
1361 1254 1630 1301 constabat
1660 1257 1712 1301 in

225 1326 492 1387 Epiroticis
532 1334 585 1373 et
623 1328 827 1373 urbanis
865 1327 1277 1389 possessionibus.
1344 1326 1423 1372 Ex
1462 1342 1561 1389 quo
1597 1343 1714 1390 cog-

224 1402 361 1446 nosci
393 1407 566 1462 potest
598 1417 745 1447 usum
780 1416 897 1447 eum
929 1402 1176 1462 pecuniae
1210 1416 1311 1446 non
1342 1399 1713 1463 magnitudine,

226 1473 318 1520 sed
344 1476 541 1520 ratione
569 1476 739 1520 metiri
766 1473 985 1520 solitum.

289 1544 371 1594 15.
408 1547 736 1594 Mendacium
758 1563 926 1610 neque
948 1547 1153 1594 dicebat
1174 1563 1342 1609 neque
1362 1548 1472 1609 pati
1492 1553 1712 1609 poterat.

228 1619 412 1683 Itaque
445 1625 551 1667 eius
583 1625 794 1668 comitas
826 1638 928 1668 non
958 1624 1066 1667 sine
1097 1624 1372 1667 severitate
1405 1628 1516 1667 erat
1545 1637 1714 1684 neque

226 1698 447 1756 gravitas
488 1698 595 1741 sine
635 1694 901 1749 facilitate,
941 1702 999 1741 ut
1038 1694 1236 1741 difficile
1277 1701 1413 1741 esset
1450 1694 1716 1742 intellectu

228 1775 399 1814 utrum
447 1785 564 1814 eum
611 1771 757 1814 amici
803 1771 965 1831 magis
1012 1775 1308 1814 vererentur
1355 1784 1420 1814 an
1467 1775 1713 1815 amarent.

228 1841 488 1904 Quidquid
540 1842 834 1904 rogabatur,
886 1842 1120 1904 religiose
1173 1842 1527 1903 promittebat,
1580 1842 1717 1904 quod

227 1931 328 1960 non
366 1914 604 1970 liberalis,
644 1916 735 1962 sed
772 1915 895 1961 levis
937 1915 1280 1961 arbitrabatur
1318 1914 1542 1976 polliceri
1580 1915 1717 1978 quod

180 1993 202 2029 2
225 1996 485 2050 praestare
509 2006 609 2035 non
632 1996 855 2051 possent.
926 1989 1071 2035 Idem
1093 1991 1145 2034 in
1167 1988 1378 2035 nitendo
1402 1989 1538 2050 quod
1559 1988 1715 2035 semel

229 2062 489 2109 adnuisset
527 2070 676 2109 tanta
715 2070 826 2109 erat
864 2080 1000 2118 cura,
1039 2070 1098 2109 ut
1136 2080 1238 2109 non
1275 2063 1588 2118 mandatam,
1625 2063 1717 2110 sed

229 2152 373 2182 suam
429 2153 537 2182 rem
596 2137 854 2183 videretur
911 2152 1080 2199 agere.
1148 2135 1440 2198 Numquam
1495 2137 1717 2198 suscepti

230 2213 424 2272 negotii
462 2227 578 2256 eum
615 2217 909 2272 pertaesum
947 2216 1053 2264 est3
1108 2225 1252 2256 suam
1289 2212 1424 2255 enim
1462 2211 1718 2256 existima-

229 2285 423 2329 tionem
467 2286 518 2329 in
566 2299 626 2329 ea
669 2299 724 2329 re
770 2286 854 2345 agi
897 2282 1134 2344 putabat,
1181 2298 1281 2344 qua
1325 2281 1448 2328 nihil
1491 2280 1718 2329 habebat

295 2402 312 2426 1
341 2402 408 2454 By
428 2402 503 2441 the
521 2402 788 2441 inheritancc
807 2402 920 2442 from
939 2401 1005 2441 his
1026 2401 1172 2448 uncle;
1208 2414 1278 2440 see
1298 2405 1336 2442 5.
1360 2402 1399 2440 2.

293 2455 309 2480 ²
338 2456 406 2494 He
435 2456 524 2502 did,
557 2456 767 2502 however,
801 2455 912 2494 have
941 2469 967 2494 a
996 2455 1113 2503 villa,
1140 2467 1187 2495 as
1219 2467 1282 2494 we
1312 2467 1382 2496 see
1413 2454 1527 2494 from
1555 2453 1715 2502 Cicero,

237 2508 292 2549 ad
313 2509 398 2548 Aa.
422 2510 496 2548 xii.
519 2511 584 2550 36.
608 2511 633 2549 2
657 2510 744 2549 and
764 2509 1003 2549 elsewhere.

233 2580 324 2627 680
