1802 2942
141 1407 193 1445 80

146 1639 193 1678 81

586 186 638 232 L.
690 183 1024 230 ANNAEUS
1074 182 1343 229 FLORUS

225 316 518 376 Hispaniae,
544 313 663 359 inde
703 313 1034 358 Mauritaniae
1067 311 1230 367 litora,
1254 326 1390 356 mare
1423 317 1475 357 et
1510 313 1708 356 intesti-

223 409 344 438 num
371 398 423 437 et
453 397 721 436 externum
754 393 1163 450 inminentesque
1200 387 1435 433 Herculis
1465 387 1709 449 speculas,

223 486 335 515 cum
384 471 554 513 omnia
602 466 824 528 undique
872 465 1017 511 simul
1067 464 1257 526 proelio
1303 471 1358 510 et
1404 470 1711 526 tempestate

227 549 488 593 saevirent.
565 544 684 590 Mox
722 548 851 589 circa
875 542 1188 588 obsidionem
1225 542 1420 587 urbium
1457 545 1711 603 utrimque

225 624 501 670 discursum
551 628 642 678 est,
681 637 808 683 quae
845 624 1055 666 miserae
1099 623 1235 665 inter
1269 619 1360 665 hos
1407 625 1561 681 atque
1601 618 1714 664 illos

225 702 377 747 duces
397 702 650 746 societatis
679 699 930 743 Romanae
947 696 966 726 1
993 713 1179 758 poenas
1195 696 1397 742 dabant.
1472 696 1713 742 Omnium

225 785 476 840 postrema
507 779 838 822 certaminum
878 773 1084 819 Munda.
1161 774 1260 818 Hic
1292 789 1394 818 non
1426 788 1516 834 pro
1545 779 1715 819 cetera

225 856 485 910 felicitate,
507 853 594 899 sed
619 868 804 914 anceps
831 858 883 898 et
909 852 994 899 diu
1020 854 1166 897 triste
1194 850 1458 911 proelium,
1483 857 1541 896 ut
1565 849 1715 912 plane

226 933 482 979 videretur
528 934 696 977 nescio
745 929 866 991 quid
915 928 1231 975 deliberare2
1276 928 1512 973 Fortuna.
1585 927 1716 974 Sane

227 1018 280 1057 et
317 1014 423 1071 ipse
460 1015 579 1054 ante
621 1010 779 1053 aciem
821 1009 1058 1052 maestior
1095 1021 1198 1050 non
1241 1021 1303 1051 ex
1346 1021 1482 1050 more
1521 1004 1717 1060 Caesar,

226 1086 365 1134 sive3
413 1084 686 1147 respectu4
733 1083 1022 1145 fragilitatis
1059 1083 1325 1138 humanae,
1374 1085 1477 1128 sive
1513 1085 1718 1127 nimiam

226 1179 576 1228 prosperorum
612 1168 896 1223 suspectam
933 1161 1124 1206 habens
1155 1163 1610 1217 continuationem,
1636 1158 1715 1205 vel

229 1243 406 1289 eadem
442 1244 643 1295 timens,
681 1246 949 1301 postquam
988 1237 1124 1284 idem
1163 1253 1271 1283 esse
1309 1243 1550 1298 coeperat
1585 1235 1719 1299 quod

230 1321 524 1380 Pompeius;
563 1324 616 1363 et
635 1315 655 1345 5
691 1320 741 1361 in
767 1320 875 1377 ipso
901 1315 1107 1377 proelio,
1133 1314 1267 1377 quod
1304 1330 1455 1360 nemo
1480 1330 1719 1376 umquam

229 1400 546 1452 meminerat,
572 1411 685 1440 cum
721 1394 806 1439 diu
844 1397 949 1455 pari
988 1392 1154 1437 Marte
1179 1395 1310 1438 acies
1347 1391 1472 1436 nihil
1508 1391 1721 1453 amplius

230 1491 377 1537 quam
404 1472 708 1530 occiderent,
738 1475 790 1516 in
816 1470 983 1517 medio
1000 1469 1176 1515 ardore
1193 1472 1530 1531 pugnantium
1557 1469 1722 1514 subito

230 1557 409 1614 ingens
451 1554 586 1596 inter
624 1555 864 1610 utrosque
913 1548 1188 1604 silentium,
1226 1550 1364 1608 quasi
1406 1549 1723 1592 convenisset

232 1637 285 1676 et
320 1629 401 1674 hic
422 1628 441 1657 ⁶
489 1631 713 1673 omnium
750 1642 923 1672 sensus
962 1631 1112 1682 esset,
1137 1629 1283 1686 “quo
1319 1639 1477 1686 usque
1512 1623 1720 1669 illud?’'

234 1705 554 1752 Novissime⁷
606 1707 902 1750 inusitatum
946 1703 1166 1748 Caesaris
1203 1701 1357 1747 oculis
1393 1700 1564 1747 nefas:
1610 1707 1725 1763 post

233 1782 640 1847 quattuordecim
687 1797 843 1826 annos
893 1781 1103 1841 probata
1149 1785 1502 1825 veteranorum
1548 1794 1724 1824 manus

233 1861 444 1924 gradum
493 1866 627 1905 retro
675 1857 836 1914 dedit,
879 1873 1019 1919 quos,
1057 1860 1153 1902 etsi
1189 1856 1415 1902 nondum
1452 1855 1726 1917 fugerant8

233 1941 465 2000 apparuit
488 1944 659 1982 tamen
692 1935 884 1997 pudore
909 1937 1068 1995 magis
1093 1950 1243 1996 quam
1262 1937 1450 1980 virtute
1475 1936 1721 1981 resistere.

176 2035 186 2053 ·»
236 2017 414 2077 Itaque
444 2014 528 2059 ille
559 2013 794 2075 ablegato
828 2028 958 2074 equo
996 2011 1170 2057 similis
1208 2010 1398 2057 furenti
1427 2014 1638 2072 primam
1673 2013 1725 2056 in

235 2097 392 2139 aciem
428 2094 686 2153 procurrit.
763 2089 839 2135 Ibi
869 2104 1107 2151 prensare
1146 2087 1405 2150 fugientis,
1433 2087 1725 2134 confirmare

290 2203 307 2228 1
339 2203 559 2241 Romanae
575 2217 584 2241 ε
615 2213 761 2240 romae
784 2201 834 2240 B.

292 2257 308 2282 ²
339 2256 579 2296 deliberare
600 2271 608 2294 ε
638 2254 825 2293 liberare
844 2254 893 2293 B.

293 2312 310 2336 ³
340 2310 498 2350 Caesar
519 2310 609 2348 sive
628 2324 637 2347 :
669 2308 855 2347 caesaris
875 2319 951 2346 sue
971 2307 1010 2346 B
1029 2321 1038 2346 :
1068 2319 1189 2346 cesar
1209 2306 1276 2345 sui
1296 2304 1343 2346 L.

295 2366 311 2389 ⁴
340 2368 567 2415 respectu:
599 2366 847 2413 respectum
867 2362 930 2401 B:
960 2364 1186 2413 respectus
1204 2359 1299 2399 NL.

294 2418 310 2442 ⁵
340 2423 385 2457 et
405 2419 611 2457 Iahnius:
643 2415 718 2455 sed
738 2416 848 2455 codd.
1079 2414 1096 2438 ⁶
1125 2414 1196 2452 hic
1215 2412 1322 2453 NL:
1355 2413 1401 2451 in
1420 2412 1490 2451 hic
1509 2411 1558 2452 B.

296 2473 311 2496 ⁷
341 2471 481 2510 illud?
500 2470 734 2510 novissime
751 2485 759 2509 ε
779 2469 902 2508 illum
917 2468 1152 2507 novissime
1168 2467 1208 2506 B
1225 2482 1233 2507 :
1250 2467 1486 2506 novissime
1501 2465 1612 2506 illud
1626 2465 1722 2506 NL.

294 2525 310 2549 8
338 2525 543 2577 fugerant
563 2525 791 2564 Heinsius:
822 2522 999 2575 fugerat
1019 2522 1131 2562 codd.

241 2617 332 2662 292
