1747 2912
81 421 129 461 12

82 865 130 904 13

81 1235 129 1273 14

79 1533 127 1570 15

80 1827 128 1865 16

528 140 582 187 L.
635 140 967 187 ANNAEUS
1018 140 1286 187 FLORUS

165 268 326 314 milite
368 271 629 314 commissa
669 272 815 325 acies,
855 268 1090 330 quodque
1137 284 1288 314 nemo
1329 271 1549 314 visurum
1594 284 1649 316 se

163 358 401 404 umquam
426 348 713 403 speraverat
736 341 941 398 factum,
957 348 1016 387 ut
1040 341 1296 403 fugientes
1313 343 1650 389 Numantinos

165 419 426 478 quisquam
476 415 685 461 videret.
775 415 977 461 Dedere
1025 418 1178 461 etiam
1226 431 1278 461 se
1320 416 1573 473 volebant,
1609 418 1650 462 si

165 489 428 535 toleranda
446 493 562 536 viris
580 493 963 551 imperarentur.
1036 488 1137 535 Sed
1162 505 1275 535 cum
1302 488 1468 551 Scipio
1483 505 1651 536 veram

165 562 322 609 vellet
348 570 401 609 et
426 566 532 609 sine
570 567 871 625 exceptione
897 566 1171 620 victoriam,
1197 579 1256 609 eo
1291 566 1650 609 necessitatum

166 637 393 698 conpulsi
439 640 655 698 primum
697 643 755 682 ut
803 636 1055 682 destinata
1101 643 1264 682 morte
1311 640 1364 682 in
1406 637 1652 698 proelium

165 717 388 767 ruerent,
415 727 528 756 cum
554 727 606 756 se
641 714 775 772 prius
809 710 969 772 epulis
1000 713 1139 771 quasi
1176 709 1367 756 inferiis
1400 710 1651 772 implevis-

168 791 282 831 sent
324 788 482 830 carnis
522 784 832 830 semicrudae
870 790 923 830 et
962 783 1148 830 caeliae
1161 782 1211 838 31
1249 787 1318 829 sic
1361 791 1542 831 vocant
1576 788 1651 830 in—

167 858 402 920 digenam
452 874 514 904 ex
556 857 812 904 frumento
860 860 1133 919 potionem.
1223 857 1553 904 Intellectum
1587 858 1653 905 ab

166 935 471 993 imperatore
497 931 776 988 consilium,
792 935 964 992 itaque
989 947 1091 976 non
1117 937 1195 977 est
1218 934 1459 992 permissa
1483 948 1652 993 pugna

166 1009 435 1053 morituris.
533 1005 658 1051 Cum
717 1004 846 1051 fossa
902 1011 1055 1066 atque
1102 1004 1255 1050 lorica
1313 1011 1652 1067 quattuorque

168 1083 339 1126 castris
370 1079 703 1125 circumdatos
739 1078 900 1125 fames
936 1085 1208 1140 premeret,
1233 1096 1262 1124 a
1286 1078 1416 1125 duce
1451 1085 1653 1126 orantes

166 1153 429 1215 proelium,
477 1161 535 1199 ut
589 1160 847 1215 tamquam
903 1156 1032 1198 viros
1088 1152 1358 1209 occideret,
1407 1153 1494 1199 ubi
1549 1168 1654 1199 non

164 1228 522 1289 impetrabant,
565 1227 754 1288 placuit
802 1229 1014 1288 eruptio.
1105 1225 1186 1272 Sic
1231 1233 1462 1272 conserta
1499 1242 1652 1272 manu

166 1301 369 1363 plurimi
394 1304 557 1358 occisi,
584 1308 638 1347 et
663 1317 776 1347 cum
812 1306 1054 1362 urgueret
1090 1299 1264 1357 fames,
1291 1300 1654 1362 aliquantisper

166 1375 285 1421 inde
324 1373 596 1421 vixerunt.2
683 1374 965 1420 Novissime
1004 1374 1267 1420 consilium
1304 1373 1455 1435 fugae
1492 1374 1653 1429 sedit;

166 1449 252 1495 sed
302 1448 397 1494 hoc
436 1464 636 1511 quoque
683 1452 844 1510 ruptis
893 1464 1137 1510 equorum
1179 1448 1436 1510 cingulis3
1475 1463 1653 1494 uxores

163 1524 415 1581 ademere,
474 1540 668 1569 summo
726 1523 915 1570 scelere
977 1539 1066 1585 per
1124 1539 1358 1570 amorem.
1471 1522 1653 1585 Itaque

167 1598 429 1660 deplorato
488 1601 628 1644 exitu
684 1600 735 1642 in
793 1597 1023 1643 ultimam
1082 1598 1273 1643 rabiem
1332 1596 1654 1659 furoremque

167 1675 407 1728 conversi,
467 1678 721 1733 postremo
794 1670 1129 1731 Rhoecogene
1201 1670 1330 1716 duce
1396 1686 1466 1726 se,
1524 1687 1653 1728 suos,

165 1749 378 1807 patriam
412 1744 544 1791 ferro
580 1761 794 1802 veneno,
833 1745 1058 1791 subiecto
1095 1747 1213 1805 igne
1251 1743 1475 1806 undique
1510 1759 1654 1806 pere-

166 1825 364 1881 gerunt.
441 1819 611 1865 Macte
629 1818 650 1848 4
674 1818 997 1864 fortissimam
1017 1824 1070 1863 et
1088 1833 1202 1863 meo
1227 1817 1410 1863 iudicio
1428 1819 1653 1864 beatissi-

165 1910 296 1939 mam
339 1897 391 1938 in
433 1896 552 1955 ipsis
594 1892 737 1938 malis
779 1896 1049 1938 civitatem.
1127 1891 1367 1938 Adseruit
1405 1908 1518 1937 cum
1554 1891 1653 1939 fide

165 1971 336 2023 socios,
375 1967 616 2028 populum
653 1967 784 2012 orbis
821 1972 1069 2012 terrarum
1105 1966 1290 2011 viribus
1327 1964 1512 2011 fultum
1547 1971 1653 2011 tam

165 2057 315 2103 parva
351 2057 503 2086 manu
535 2046 704 2086 aetate
737 2046 842 2085 tam
867 2039 1019 2101 longa
1044 2042 1296 2086 sustinuit.
1372 2039 1653 2086 Novissime

224 2158 239 2182 ¹
269 2158 429 2197 caeliae
449 2159 528 2197 NL
550 2173 558 2198 :
590 2157 779 2210 praellae
795 2158 846 2197 B.
1011 2156 1027 2181 ²
1058 2156 1290 2196 vixerunt:
1323 2156 1525 2196 vicerunt
1544 2157 1595 2197 B.

223 2214 239 2237 3
270 2213 479 2264 cingulis:
512 2212 670 2263 singuli
692 2213 745 2251 B.

225 2267 240 2290 ⁴
269 2280 362 2305 esse
380 2271 467 2317 post
488 2273 631 2305 macte
650 2266 748 2305 add.
770 2265 881 2304 codd.
902 2265 982 2303 dez.
1004 2265 1157 2303 Aldus.

222 2375 237 2399 ²
268 2376 307 2414 A
328 2374 437 2413 kind
459 2374 502 2413 of
522 2374 623 2414 beer
644 2388 653 2420 ;
683 2373 736 2413 cf.
763 2373 893 2424 Pliny
913 2373 1034 2412 NH.
1056 2371 1205 2411 XXII.
1230 2372 1294 2411 25.
1317 2372 1381 2411 82.

221 2428 237 2452 ²
268 2429 372 2468 This
399 2429 740 2479 interpretation
769 2427 814 2466 of
842 2427 940 2466 inde
968 2426 1005 2466 is
1034 2425 1269 2466 confirmed
1293 2425 1352 2478 by
1373 2425 1449 2465 the
1467 2428 1656 2465 account

166 2483 294 2535 given
317 2483 373 2534 by
393 2482 489 2523 Val.
515 2482 634 2521 Max.
658 2481 760 2521 VII.
783 2482 822 2528 6,
843 2481 881 2520 2.

171 2573 263 2620 154
