<?xml version="1.0" encoding="UTF-8"?>
<!DOCTYPE html PUBLIC "-//W3C//DTD XHTML 1.0 Transitional//EN"
    "http://www.w3.org/TR/xhtml1/DTD/xhtml1-transitional.dtd">
<html xmlns="http://www.w3.org/1999/xhtml" xml:lang="en" lang="en">
 <head>
  <title>
</title>
<meta http-equiv="Content-Type" content="text/html;charset=utf-8" />
  <meta name='ocr-system' content='tesseract 3.04.00' />
  <meta name='ocr-capabilities' content='ocr_page ocr_carea ocr_par ocr_line ocrx_word'/>
</head>
<body>
  <div class='ocr_page' id='page_1' title='image "./lannaeifloriquae00floruoft_0678.png"; bbox 0 0 1802 2942; ppageno 0'>
   <div class='ocr_carea' id='block_1_1' title="bbox 636 148 1298 199">
    <p class='ocr_par' dir='ltr' id='par_1_1' title="bbox 636 148 1298 199">
     <span class='ocr_line' id='line_1_1' title="bbox 636 148 1298 199; baseline -0.003 -1"><span class='ocrx_word' id='word_1_1' title='bbox 636 149 1032 199; x_wconf 86' lang='lat' dir='ltr'>CORNELIUS</span> <span class='ocrx_word' id='word_1_2' title='bbox 1078 148 1298 197; x_wconf 92' lang='lat' dir='ltr'>NEPOS</span> 
     </span>
    </p>
   </div>
   <div class='ocr_carea' id='block_1_2' title="bbox 168 278 1716 2279">
    <p class='ocr_par' dir='ltr' id='par_1_2' title="bbox 213 278 1708 408">
     <span class='ocr_line' id='line_1_2' title="bbox 213 278 1708 342; baseline -0.003 -15"><span class='ocrx_word' id='word_1_3' title='bbox 213 282 535 328; x_wconf 68' lang='lat' dir='ltr'>humanitate</span> <span class='ocrx_word' id='word_1_4' title='bbox 575 281 908 342; x_wconf 75' lang='lat' dir='ltr'>doctrinaque</span> <span class='ocrx_word' id='word_1_5' title='bbox 948 286 1236 342; x_wconf 84' lang='lat' dir='ltr'>praestaret</span> <span class='ocrx_word' id='word_1_6' title='bbox 1275 294 1450 325; x_wconf 88' lang='lat' dir='ltr'>omnes</span> <span class='ocrx_word' id='word_1_7' title='bbox 1491 293 1619 324; x_wconf 89' lang='lat' dir='ltr'>unus</span> <span class='ocrx_word' id='word_1_8' title='bbox 1659 278 1708 323; x_wconf 91' lang='lat' dir='ltr'>ei</span> 
     </span>
     <span class='ocr_line' id='line_1_3' title="bbox 215 360 681 408; baseline -0.004 0"><span class='ocrx_word' id='word_1_9' title='bbox 215 361 315 408; x_wconf 86' lang='lat' dir='ltr'>fuit</span> <span class='ocrx_word' id='word_1_10' title='bbox 334 360 355 391; x_wconf 91' lang='lat'><strong>1</strong></span> <span class='ocrx_word' id='word_1_11' title='bbox 380 363 681 407; x_wconf 88' lang='lat' dir='ltr'>carissimus.</span> 
     </span>
    </p>

    <p class='ocr_par' dir='ltr' id='par_1_3' title="bbox 217 439 1712 987">
     <span class='ocr_line' id='line_1_4' title="bbox 279 439 1708 493; baseline -0.003 -5"><span class='ocrx_word' id='word_1_12' title='bbox 279 439 327 489; x_wconf 84' lang='lat'>4.</span> <span class='ocrx_word' id='word_1_13' title='bbox 362 440 478 487; x_wconf 94' lang='lat' dir='ltr'>Huc</span> <span class='ocrx_word' id='word_1_14' title='bbox 529 457 592 487; x_wconf 79' lang='lat' dir='ltr'>ex</span> <span class='ocrx_word' id='word_1_15' title='bbox 642 441 766 486; x_wconf 90' lang='lat' dir='ltr'>Asia</span> <span class='ocrx_word' id='word_1_16' title='bbox 815 439 953 486; x_wconf 91' lang='lat' dir='ltr'>Sulla</span> <span class='ocrx_word' id='word_1_17' title='bbox 1001 439 1254 486; x_wconf 86' lang='lat' dir='ltr'>decedens</span> <span class='ocrx_word' id='word_1_18' title='bbox 1305 455 1420 486; x_wconf 89' lang='lat' dir='ltr'>cum</span> <span class='ocrx_word' id='word_1_19' title='bbox 1468 440 1708 493; x_wconf 87' lang='lat' dir='ltr'>venisset,</span> 
     </span>
     <span class='ocr_line' id='line_1_5' title="bbox 218 519 1709 586; baseline -0.002 -18"><span class='ocrx_word' id='word_1_20' title='bbox 218 539 371 586; x_wconf 89' lang='lat' dir='ltr'>quam</span> <span class='ocrx_word' id='word_1_21' title='bbox 397 522 484 569; x_wconf 93' lang='lat' dir='ltr'>diu</span> <span class='ocrx_word' id='word_1_22' title='bbox 509 522 579 568; x_wconf 89' lang='lat' dir='ltr'>ibi</span> <span class='ocrx_word' id='word_1_23' title='bbox 604 519 720 576; x_wconf 89' lang='lat' dir='ltr'>fuit,</span> <span class='ocrx_word' id='word_1_24' title='bbox 747 536 919 567; x_wconf 89' lang='lat' dir='ltr'>secum</span> <span class='ocrx_word' id='word_1_25' title='bbox 945 519 1125 567; x_wconf 90' lang='lat' dir='ltr'>habuit</span> <span class='ocrx_word' id='word_1_26' title='bbox 1152 519 1504 582; x_wconf 86' lang='lat' dir='ltr'>Pomponium,</span> <span class='ocrx_word' id='word_1_27' title='bbox 1530 525 1709 581; x_wconf 87' lang='lat' dir='ltr'>captus</span> 
     </span>
     <span class='ocr_line' id='line_1_6' title="bbox 217 598 1711 650; baseline -0.003 -1"><span class='ocrx_word' id='word_1_28' title='bbox 217 602 557 650; x_wconf 87' lang='lat' dir='ltr'>adulescentis</span> <span class='ocrx_word' id='word_1_29' title='bbox 597 609 651 648; x_wconf 94' lang='lat' dir='ltr'>et</span> <span class='ocrx_word' id='word_1_30' title='bbox 688 600 1011 648; x_wconf 86' lang='lat' dir='ltr'>humanitate</span> <span class='ocrx_word' id='word_1_31' title='bbox 1051 607 1106 647; x_wconf 92' lang='lat' dir='ltr'>et</span> <span class='ocrx_word' id='word_1_32' title='bbox 1143 601 1389 648; x_wconf 86' lang='lat' dir='ltr'>doctrina.</span> <span class='ocrx_word' id='word_1_33' title='bbox 1456 598 1537 646; x_wconf 90' lang='lat' dir='ltr'>Sic</span> <span class='ocrx_word' id='word_1_34' title='bbox 1574 601 1711 646; x_wconf 86' lang='lat' dir='ltr'>enim</span> 
     </span>
     <span class='ocr_line' id='line_1_7' title="bbox 219 681 1710 746; baseline -0.003 -16"><span class='ocrx_word' id='word_1_35' title='bbox 219 683 414 730; x_wconf 87' lang='lat' dir='ltr'>Graece</span> <span class='ocrx_word' id='word_1_36' title='bbox 464 682 789 746; x_wconf 86' lang='lat' dir='ltr'>loquebatur,</span> <span class='ocrx_word' id='word_1_37' title='bbox 841 689 900 729; x_wconf 91' lang='lat' dir='ltr'>ut</span> <span class='ocrx_word' id='word_1_38' title='bbox 951 681 1170 728; x_wconf 89' lang='lat' dir='ltr'>Athenis</span> <span class='ocrx_word' id='word_1_39' title='bbox 1221 688 1374 728; x_wconf 89' lang='lat' dir='ltr'>natus</span> <span class='ocrx_word' id='word_1_40' title='bbox 1424 681 1710 736; x_wconf 84' lang='lat' dir='ltr'>videretur3</span> 
     </span>
     <span class='ocr_line' id='line_1_8' title="bbox 217 761 1712 824; baseline -0.003 -13"><span class='ocrx_word' id='word_1_41' title='bbox 217 771 367 811; x_wconf 85' lang='lat' dir='ltr'>tanta</span> <span class='ocrx_word' id='word_1_42' title='bbox 385 770 560 810; x_wconf 92' lang='lat' dir='ltr'>autem</span> <span class='ocrx_word' id='word_1_43' title='bbox 579 766 801 810; x_wconf 76' lang='lat' dir='ltr'>suavitas</span> <span class='ocrx_word' id='word_1_44' title='bbox 822 770 933 809; x_wconf 90' lang='lat' dir='ltr'>erat</span> <span class='ocrx_word' id='word_1_45' title='bbox 951 765 1195 809; x_wconf 88' lang='lat' dir='ltr'>sermonis</span> <span class='ocrx_word' id='word_1_46' title='bbox 1216 761 1405 818; x_wconf 88' lang='lat' dir='ltr'>Latini,</span> <span class='ocrx_word' id='word_1_47' title='bbox 1423 769 1482 808; x_wconf 90' lang='lat' dir='ltr'>ut</span> <span class='ocrx_word' id='word_1_48' title='bbox 1501 777 1712 824; x_wconf 90' lang='lat' dir='ltr'>appare-</span> 
     </span>
     <span class='ocr_line' id='line_1_9' title="bbox 218 842 1712 906; baseline -0.002 -15"><span class='ocrx_word' id='word_1_49' title='bbox 218 852 299 891; x_wconf 89' lang='lat' dir='ltr'>ret</span> <span class='ocrx_word' id='word_1_50' title='bbox 345 848 399 890; x_wconf 90' lang='lat' dir='ltr'>in</span> <span class='ocrx_word' id='word_1_51' title='bbox 448 861 508 891; x_wconf 93' lang='lat' dir='ltr'>eo</span> <span class='ocrx_word' id='word_1_52' title='bbox 557 846 788 890; x_wconf 74' lang='lat' dir='ltr'>nativum</span> <span class='ocrx_word' id='word_1_53' title='bbox 837 844 1112 906; x_wconf 90' lang='lat' dir='ltr'>quemdam</span> <span class='ocrx_word' id='word_1_54' title='bbox 1158 842 1386 906; x_wconf 89' lang='lat' dir='ltr'>leporem</span> <span class='ocrx_word' id='word_1_55' title='bbox 1435 858 1563 898; x_wconf 90' lang='lat' dir='ltr'>esse,</span> <span class='ocrx_word' id='word_1_56' title='bbox 1609 859 1712 888; x_wconf 91' lang='lat' dir='ltr'>non</span> 
     </span>
     <span class='ocr_line' id='line_1_10' title="bbox 220 922 1711 987; baseline -0.002 -15"><span class='ocrx_word' id='word_1_57' title='bbox 220 928 450 972; x_wconf 87' lang='lat' dir='ltr'>ascitum.</span> <span class='ocrx_word' id='word_1_58' title='bbox 520 924 666 971; x_wconf 90' lang='lat' dir='ltr'>Idem</span> <span class='ocrx_word' id='word_1_59' title='bbox 712 931 955 987; x_wconf 88' lang='lat' dir='ltr'>poemata</span> <span class='ocrx_word' id='word_1_60' title='bbox 999 924 1368 987; x_wconf 86' lang='lat' dir='ltr'>pronuntiabat</span> <span class='ocrx_word' id='word_1_61' title='bbox 1414 930 1469 970; x_wconf 91' lang='lat' dir='ltr'>et</span> <span class='ocrx_word' id='word_1_62' title='bbox 1516 922 1711 969; x_wconf 87' lang='lat' dir='ltr'>Graece</span> 
     </span>
    </p>

    <p class='ocr_par' dir='ltr' id='par_1_4' title="bbox 168 1003 1715 1634">
     <span class='ocr_line' id='line_1_11' title="bbox 168 1003 1712 1068; baseline -0.002 -15"><span class='ocrx_word' id='word_1_63' title='bbox 168 1013 193 1052; x_wconf 91' lang='lat'>2</span> <span class='ocrx_word' id='word_1_64' title='bbox 221 1013 274 1053; x_wconf 91' lang='lat' dir='ltr'>et</span> <span class='ocrx_word' id='word_1_65' title='bbox 314 1006 499 1052; x_wconf 88' lang='lat' dir='ltr'>Latine</span> <span class='ocrx_word' id='word_1_66' title='bbox 540 1009 609 1051; x_wconf 87' lang='lat' dir='ltr'>sic</span> <span class='ocrx_word' id='word_1_67' title='bbox 649 1012 707 1051; x_wconf 89' lang='lat' dir='ltr'>ut</span> <span class='ocrx_word' id='word_1_68' title='bbox 747 1022 900 1068; x_wconf 91' lang='lat' dir='ltr'>supra</span> <span class='ocrx_word' id='word_1_69' title='bbox 937 1004 1062 1051; x_wconf 87' lang='lat' dir='ltr'>nihil</span> <span class='ocrx_word' id='word_1_70' title='bbox 1100 1012 1274 1068; x_wconf 88' lang='lat' dir='ltr'>posset</span> <span class='ocrx_word' id='word_1_71' title='bbox 1314 1004 1448 1051; x_wconf 86' lang='lat' dir='ltr'>addi.</span> <span class='ocrx_word' id='word_1_72' title='bbox 1516 1003 1712 1063; x_wconf 82' lang='lat' dir='ltr'>Quibus</span> 
     </span>
     <span class='ocr_line' id='line_1_12' title="bbox 220 1084 1712 1148; baseline -0.002 -14"><span class='ocrx_word' id='word_1_73' title='bbox 220 1088 371 1134; x_wconf 89' lang='lat' dir='ltr'>rebus</span> <span class='ocrx_word' id='word_1_74' title='bbox 414 1085 608 1133; x_wconf 89' lang='lat' dir='ltr'>factum</span> <span class='ocrx_word' id='word_1_75' title='bbox 653 1093 732 1133; x_wconf 87' lang='lat' dir='ltr'>est</span> <span class='ocrx_word' id='word_1_76' title='bbox 774 1093 833 1132; x_wconf 91' lang='lat' dir='ltr'>ut</span> <span class='ocrx_word' id='word_1_77' title='bbox 876 1085 1014 1132; x_wconf 89' lang='lat' dir='ltr'>Sulla</span> <span class='ocrx_word' id='word_1_78' title='bbox 1055 1102 1307 1148; x_wconf 90' lang='lat' dir='ltr'>nusquam</span> <span class='ocrx_word' id='word_1_79' title='bbox 1351 1084 1507 1132; x_wconf 86' lang='lat' dir='ltr'>eum2</span> <span class='ocrx_word' id='word_1_80' title='bbox 1551 1085 1616 1132; x_wconf 93' lang='lat' dir='ltr'>ab</span> <span class='ocrx_word' id='word_1_81' title='bbox 1657 1101 1712 1132; x_wconf 89' lang='lat' dir='ltr'>se</span> 
     </span>
     <span class='ocr_line' id='line_1_13' title="bbox 221 1165 1713 1229; baseline -0.002 -14"><span class='ocrx_word' id='word_1_82' title='bbox 221 1168 508 1215; x_wconf 85' lang='lat' dir='ltr'>dimitteret</span> <span class='ocrx_word' id='word_1_83' title='bbox 549 1173 864 1229; x_wconf 89' lang='lat' dir='ltr'>cuperetque</span> <span class='ocrx_word' id='word_1_84' title='bbox 906 1182 1079 1213; x_wconf 90' lang='lat' dir='ltr'>secum</span> <span class='ocrx_word' id='word_1_85' title='bbox 1120 1166 1391 1213; x_wconf 89' lang='lat' dir='ltr'>deducere.</span> <span class='ocrx_word' id='word_1_86' title='bbox 1458 1165 1559 1224; x_wconf 83' lang='lat' dir='ltr'>Qui</span> <span class='ocrx_word' id='word_1_87' title='bbox 1597 1182 1713 1213; x_wconf 91' lang='lat' dir='ltr'>cum</span> 
     </span>
     <span class='ocr_line' id='line_1_14' title="bbox 222 1245 1713 1311; baseline -0.001 -17"><span class='ocrx_word' id='word_1_88' title='bbox 222 1248 530 1311; x_wconf 90' lang='lat' dir='ltr'>persuadere</span> <span class='ocrx_word' id='word_1_89' title='bbox 554 1254 855 1308; x_wconf 89' lang='lat' dir='ltr'>temptaret,</span> <span class='ocrx_word' id='word_1_90' title='bbox 889 1246 917 1263; x_wconf 89' lang='lat'><strong>“</strong></span> <span class='ocrx_word' id='word_1_91' title='bbox 943 1246 1076 1303; x_wconf 89' lang='lat' dir='ltr'>Noli,</span> <span class='ocrx_word' id='word_1_92' title='bbox 1109 1263 1196 1293; x_wconf 90' lang='lat' dir='ltr'>oro</span> <span class='ocrx_word' id='word_1_93' title='bbox 1227 1245 1337 1302; x_wconf 89' lang='lat' dir='ltr'>te,&#39;’</span> <span class='ocrx_word' id='word_1_94' title='bbox 1368 1249 1536 1310; x_wconf 90' lang='lat' dir='ltr'>inquit</span> <span class='ocrx_word' id='word_1_95' title='bbox 1567 1246 1713 1293; x_wconf 91' lang='lat' dir='ltr'>Pom-</span> 
     </span>
     <span class='ocr_line' id='line_1_15' title="bbox 222 1326 1713 1392; baseline 0 -17"><span class='ocrx_word' id='word_1_96' title='bbox 222 1332 420 1392; x_wconf 90' lang='lat' dir='ltr'>ponius,</span> <span class='ocrx_word' id='word_1_97' title='bbox 449 1327 477 1344; x_wconf 90' lang='lat'><strong>“</strong></span> <span class='ocrx_word' id='word_1_98' title='bbox 502 1328 769 1374; x_wconf 78' lang='lat' dir='ltr'>adversum</span> <span class='ocrx_word' id='word_1_99' title='bbox 798 1344 882 1373; x_wconf 90' lang='lat' dir='ltr'>eos</span> <span class='ocrx_word' id='word_1_100' title='bbox 910 1343 993 1374; x_wconf 91' lang='lat' dir='ltr'>me</span> <span class='ocrx_word' id='word_1_101' title='bbox 1020 1326 1150 1374; x_wconf 82' lang='lat' dir='ltr'>velle</span> <span class='ocrx_word' id='word_1_102' title='bbox 1178 1327 1364 1374; x_wconf 88' lang='lat' dir='ltr'>ducere</span> <span class='ocrx_word' id='word_1_103' title='bbox 1390 1344 1505 1374; x_wconf 89' lang='lat' dir='ltr'>cum</span> <span class='ocrx_word' id='word_1_104' title='bbox 1531 1328 1713 1391; x_wconf 89' lang='lat' dir='ltr'>quibus</span> 
     </span>
     <span class='ocr_line' id='line_1_16' title="bbox 222 1407 1714 1471; baseline -0.001 -15"><span class='ocrx_word' id='word_1_105' title='bbox 222 1426 288 1456; x_wconf 89' lang='lat' dir='ltr'>ne</span> <span class='ocrx_word' id='word_1_106' title='bbox 334 1416 511 1456; x_wconf 83' lang='lat' dir='ltr'>contra</span> <span class='ocrx_word' id='word_1_107' title='bbox 556 1416 611 1455; x_wconf 89' lang='lat' dir='ltr'>te</span> <span class='ocrx_word' id='word_1_108' title='bbox 659 1425 799 1454; x_wconf 90' lang='lat' dir='ltr'>arma</span> <span class='ocrx_word' id='word_1_109' title='bbox 843 1407 1048 1464; x_wconf 85' lang='lat' dir='ltr'>ferrem,</span> <span class='ocrx_word' id='word_1_110' title='bbox 1095 1407 1299 1455; x_wconf 90' lang='lat' dir='ltr'>Italiam</span> <span class='ocrx_word' id='word_1_111' title='bbox 1342 1407 1578 1471; x_wconf 89' lang='lat' dir='ltr'>reliqui.&#39;&#39;</span> <span class='ocrx_word' id='word_1_112' title='bbox 1641 1408 1714 1455; x_wconf 81' lang='lat' dir='ltr'>At</span> 
     </span>
     <span class='ocr_line' id='line_1_17' title="bbox 223 1487 1715 1545; baseline -0.001 -9"><span class='ocrx_word' id='word_1_113' title='bbox 223 1489 378 1545; x_wconf 91' lang='lat' dir='ltr'>Sulla,</span> <span class='ocrx_word' id='word_1_114' title='bbox 407 1489 746 1536; x_wconf 86' lang='lat' dir='ltr'>adulescentis</span> <span class='ocrx_word' id='word_1_115' title='bbox 781 1489 941 1536; x_wconf 89' lang='lat' dir='ltr'>officio</span> <span class='ocrx_word' id='word_1_116' title='bbox 977 1487 1283 1545; x_wconf 84' lang='lat' dir='ltr'>collaudato,</span> <span class='ocrx_word' id='word_1_117' title='bbox 1309 1492 1479 1536; x_wconf 89' lang='lat' dir='ltr'>omnia</span> <span class='ocrx_word' id='word_1_118' title='bbox 1502 1506 1715 1536; x_wconf 90' lang='lat' dir='ltr'>munera</span> 
     </span>
     <span class='ocr_line' id='line_1_18' title="bbox 225 1569 1712 1634; baseline 0 -17"><span class='ocrx_word' id='word_1_119' title='bbox 225 1573 272 1617; x_wconf 90' lang='lat' dir='ltr'>ei</span> <span class='ocrx_word' id='word_1_120' title='bbox 299 1587 430 1634; x_wconf 90' lang='lat' dir='ltr'>quae</span> <span class='ocrx_word' id='word_1_121' title='bbox 457 1569 675 1616; x_wconf 86' lang='lat' dir='ltr'>Athenis</span> <span class='ocrx_word' id='word_1_122' title='bbox 704 1577 973 1632; x_wconf 90' lang='lat' dir='ltr'>acceperat</span> <span class='ocrx_word' id='word_1_123' title='bbox 996 1569 1317 1632; x_wconf 89' lang='lat' dir='ltr'>proficiscens</span> <span class='ocrx_word' id='word_1_124' title='bbox 1341 1573 1488 1617; x_wconf 90' lang='lat' dir='ltr'>iussit</span> <span class='ocrx_word' id='word_1_125' title='bbox 1510 1569 1712 1617; x_wconf 87' lang='lat' dir='ltr'>deferri.</span> 
     </span>
    </p>

    <p class='ocr_par' dir='ltr' id='par_1_5' title="bbox 171 1644 1716 1955">
     <span class='ocr_line' id='line_1_19' title="bbox 171 1644 1714 1713; baseline 0 -16"><span class='ocrx_word' id='word_1_126' title='bbox 171 1658 197 1698; x_wconf 90' lang='lat'><strong>3</strong></span> <span class='ocrx_word' id='word_1_127' title='bbox 286 1644 383 1697; x_wconf 81' lang='lat' dir='ltr'>Hic</span> <span class='ocrx_word' id='word_1_128' title='bbox 407 1650 689 1713; x_wconf 88' lang='lat' dir='ltr'>complures</span> <span class='ocrx_word' id='word_1_129' title='bbox 716 1667 873 1697; x_wconf 88' lang='lat' dir='ltr'>annos</span> <span class='ocrx_word' id='word_1_130' title='bbox 897 1657 1142 1706; x_wconf 86' lang='lat' dir='ltr'>moratus,</span> <span class='ocrx_word' id='word_1_131' title='bbox 1166 1668 1282 1697; x_wconf 89' lang='lat' dir='ltr'>cum</span> <span class='ocrx_word' id='word_1_132' title='bbox 1307 1657 1362 1697; x_wconf 92' lang='lat' dir='ltr'>et</span> <span class='ocrx_word' id='word_1_133' title='bbox 1384 1654 1459 1697; x_wconf 88' lang='lat' dir='ltr'>rei</span> <span class='ocrx_word' id='word_1_134' title='bbox 1481 1650 1714 1697; x_wconf 85' lang='lat' dir='ltr'>familiari</span> 
     </span>
     <span class='ocr_line' id='line_1_20' title="bbox 222 1730 1716 1795; baseline 0.001 -17"><span class='ocrx_word' id='word_1_135' title='bbox 222 1738 427 1778; x_wconf 83' lang='lat' dir='ltr'>tanturn</span> <span class='ocrx_word' id='word_1_136' title='bbox 450 1747 635 1794; x_wconf 90' lang='lat' dir='ltr'>operae</span> <span class='ocrx_word' id='word_1_137' title='bbox 657 1731 804 1778; x_wconf 90' lang='lat' dir='ltr'>daret</span> <span class='ocrx_word' id='word_1_138' title='bbox 824 1738 1074 1794; x_wconf 86' lang='lat' dir='ltr'>quantum</span> <span class='ocrx_word' id='word_1_139' title='bbox 1093 1748 1195 1777; x_wconf 91' lang='lat' dir='ltr'>non</span> <span class='ocrx_word' id='word_1_140' title='bbox 1212 1730 1482 1795; x_wconf 87' lang='lat' dir='ltr'>indiligens</span> <span class='ocrx_word' id='word_1_141' title='bbox 1500 1732 1716 1779; x_wconf 89' lang='lat' dir='ltr'>deberet</span> 
     </span>
     <span class='ocr_line' id='line_1_21' title="bbox 223 1811 1714 1876; baseline 0.001 -18"><span class='ocrx_word' id='word_1_142' title='bbox 223 1819 372 1876; x_wconf 92' lang='lat' dir='ltr'>pater</span> <span class='ocrx_word' id='word_1_143' title='bbox 397 1811 631 1866; x_wconf 87' lang='lat' dir='ltr'>familias,</span> <span class='ocrx_word' id='word_1_144' title='bbox 661 1818 714 1858; x_wconf 91' lang='lat' dir='ltr'>et</span> <span class='ocrx_word' id='word_1_145' title='bbox 741 1814 911 1858; x_wconf 89' lang='lat' dir='ltr'>omnia</span> <span class='ocrx_word' id='word_1_146' title='bbox 935 1811 1131 1875; x_wconf 91' lang='lat' dir='ltr'>reliqua</span> <span class='ocrx_word' id='word_1_147' title='bbox 1156 1819 1391 1875; x_wconf 90' lang='lat' dir='ltr'>tempora</span> <span class='ocrx_word' id='word_1_148' title='bbox 1417 1819 1507 1859; x_wconf 88' lang='lat' dir='ltr'>aut</span> <span class='ocrx_word' id='word_1_149' title='bbox 1529 1812 1714 1860; x_wconf 88' lang='lat' dir='ltr'>litteris</span> 
     </span>
     <span class='ocr_line' id='line_1_22' title="bbox 225 1891 1715 1955; baseline 0.001 -16"><span class='ocrx_word' id='word_1_150' title='bbox 225 1900 316 1940; x_wconf 91' lang='lat' dir='ltr'>aut</span> <span class='ocrx_word' id='word_1_151' title='bbox 371 1891 764 1939; x_wconf 89' lang='lat' dir='ltr'>Atheniensium</span> <span class='ocrx_word' id='word_1_152' title='bbox 819 1894 893 1939; x_wconf 92' lang='lat' dir='ltr'>rei</span> <span class='ocrx_word' id='word_1_153' title='bbox 948 1893 1181 1955; x_wconf 90' lang='lat' dir='ltr'>publicae</span> <span class='ocrx_word' id='word_1_154' title='bbox 1235 1894 1506 1950; x_wconf 90' lang='lat' dir='ltr'>tribueret,</span> <span class='ocrx_word' id='word_1_155' title='bbox 1559 1893 1715 1941; x_wconf 91' lang='lat' dir='ltr'>nihilo</span> 
     </span>
    </p>

    <p class='ocr_par' dir='ltr' id='par_1_6' title="bbox 173 1973 1716 2279">
     <span class='ocr_line' id='line_1_23' title="bbox 173 1973 1716 2036; baseline 0.001 -17"><span class='ocrx_word' id='word_1_156' title='bbox 173 1981 199 2019; x_wconf 80' lang='lat'><strong>4</strong></span> <span class='ocrx_word' id='word_1_157' title='bbox 222 1976 386 2020; x_wconf 88' lang='lat' dir='ltr'>minus</span> <span class='ocrx_word' id='word_1_158' title='bbox 425 1976 596 2019; x_wconf 89' lang='lat' dir='ltr'>amicis</span> <span class='ocrx_word' id='word_1_159' title='bbox 634 1974 830 2020; x_wconf 90' lang='lat' dir='ltr'>urbana</span> <span class='ocrx_word' id='word_1_160' title='bbox 865 1973 1027 2020; x_wconf 89' lang='lat' dir='ltr'>officia</span> <span class='ocrx_word' id='word_1_161' title='bbox 1061 1977 1350 2036; x_wconf 83' lang='lat' dir='ltr'>praestitit3</span> <span class='ocrx_word' id='word_1_162' title='bbox 1403 1991 1522 2020; x_wconf 89' lang='lat' dir='ltr'>nam</span> <span class='ocrx_word' id='word_1_163' title='bbox 1559 1981 1614 2021; x_wconf 91' lang='lat' dir='ltr'>et</span> <span class='ocrx_word' id='word_1_164' title='bbox 1649 1974 1716 2021; x_wconf 89' lang='lat' dir='ltr'>ad</span> 
     </span>
     <span class='ocr_line' id='line_1_24' title="bbox 226 2056 1716 2117; baseline 0.001 -17"><span class='ocrx_word' id='word_1_165' title='bbox 226 2056 431 2100; x_wconf 89' lang='lat' dir='ltr'>comitia</span> <span class='ocrx_word' id='word_1_166' title='bbox 465 2070 639 2100; x_wconf 90' lang='lat' dir='ltr'>eorum</span> <span class='ocrx_word' id='word_1_167' title='bbox 673 2057 963 2109; x_wconf 85' lang='lat' dir='ltr'>ventitavit,</span> <span class='ocrx_word' id='word_1_168' title='bbox 998 2061 1053 2101; x_wconf 89' lang='lat' dir='ltr'>et</span> <span class='ocrx_word' id='word_1_169' title='bbox 1085 2057 1126 2100; x_wconf 94' lang='lat' dir='ltr'>si</span> <span class='ocrx_word' id='word_1_170' title='bbox 1161 2070 1262 2117; x_wconf 92' lang='lat' dir='ltr'>qua</span> <span class='ocrx_word' id='word_1_171' title='bbox 1293 2070 1374 2101; x_wconf 89' lang='lat' dir='ltr'>res</span> <span class='ocrx_word' id='word_1_172' title='bbox 1407 2057 1568 2101; x_wconf 90' lang='lat' dir='ltr'>maior</span> <span class='ocrx_word' id='word_1_173' title='bbox 1600 2062 1716 2102; x_wconf 86' lang='lat' dir='ltr'>acta</span> 
     </span>
     <span class='ocr_line' id='line_1_25' title="bbox 227 2133 1715 2189; baseline 0.001 -9"><span class='ocrx_word' id='word_1_174' title='bbox 227 2142 324 2189; x_wconf 86' lang='lat' dir='ltr'>est,</span> <span class='ocrx_word' id='word_1_175' title='bbox 370 2151 471 2181; x_wconf 92' lang='lat' dir='ltr'>non</span> <span class='ocrx_word' id='word_1_176' title='bbox 519 2133 699 2181; x_wconf 90' lang='lat' dir='ltr'>defuit.</span> <span class='ocrx_word' id='word_1_177' title='bbox 768 2134 909 2181; x_wconf 89' lang='lat' dir='ltr'>Sicut</span> <span class='ocrx_word' id='word_1_178' title='bbox 957 2134 1185 2181; x_wconf 89' lang='lat' dir='ltr'>Ciceroni</span> <span class='ocrx_word' id='word_1_179' title='bbox 1229 2138 1283 2182; x_wconf 92' lang='lat' dir='ltr'>in</span> <span class='ocrx_word' id='word_1_180' title='bbox 1329 2136 1561 2182; x_wconf 87' lang='lat' dir='ltr'>omnibus</span> <span class='ocrx_word' id='word_1_181' title='bbox 1607 2138 1715 2183; x_wconf 89' lang='lat' dir='ltr'>eius</span> 
     </span>
     <span class='ocr_line' id='line_1_26' title="bbox 226 2214 1716 2279; baseline 0.001 -19"><span class='ocrx_word' id='word_1_182' title='bbox 226 2214 460 2277; x_wconf 89' lang='lat' dir='ltr'>periculis</span> <span class='ocrx_word' id='word_1_183' title='bbox 494 2214 801 2278; x_wconf 86' lang='lat' dir='ltr'>singularem</span> <span class='ocrx_word' id='word_1_184' title='bbox 836 2215 990 2262; x_wconf 90' lang='lat' dir='ltr'>fidem</span> <span class='ocrx_word' id='word_1_185' title='bbox 1022 2217 1288 2278; x_wconf 90' lang='lat' dir='ltr'>praebuit;</span> <span class='ocrx_word' id='word_1_186' title='bbox 1339 2219 1419 2262; x_wconf 93' lang='lat' dir='ltr'>cui</span> <span class='ocrx_word' id='word_1_187' title='bbox 1453 2232 1516 2262; x_wconf 84' lang='lat' dir='ltr'>ex</span> <span class='ocrx_word' id='word_1_188' title='bbox 1548 2218 1716 2279; x_wconf 87' lang='lat' dir='ltr'>patria</span> 
     </span>
    </p>
   </div>
   <div class='ocr_carea' id='block_1_3' title="bbox 226 2294 1712 2451">
    <p class='ocr_par' dir='ltr' id='par_1_7' title="bbox 226 2294 1712 2451">
     <span class='ocr_line' id='line_1_27' title="bbox 226 2294 1712 2359; baseline 0.002 -18"><span class='ocrx_word' id='word_1_189' title='bbox 226 2294 446 2358; x_wconf 86' lang='lat' dir='ltr'>fugienti</span> <span class='ocrx_word' id='word_1_190' title='bbox 470 2294 554 2341; x_wconf 88' lang='lat' dir='ltr'>HS</span> <span class='ocrx_word' id='word_1_191' title='bbox 575 2294 594 2322; x_wconf 84' lang='lat'><strong>3</strong></span> <span class='ocrx_word' id='word_1_192' title='bbox 618 2295 841 2342; x_wconf 89' lang='lat' dir='ltr'>ducenta</span> <span class='ocrx_word' id='word_1_193' title='bbox 863 2302 918 2342; x_wconf 93' lang='lat' dir='ltr'>et</span> <span class='ocrx_word' id='word_1_194' title='bbox 940 2298 1311 2359; x_wconf 86' lang='lat' dir='ltr'>quinquaginta</span> <span class='ocrx_word' id='word_1_195' title='bbox 1331 2296 1469 2342; x_wconf 89' lang='lat' dir='ltr'>milia</span> <span class='ocrx_word' id='word_1_196' title='bbox 1489 2297 1712 2344; x_wconf 88' lang='lat' dir='ltr'>donavit.</span> 
     </span>
     <span class='ocr_line' id='line_1_28' title="bbox 478 2401 1246 2451; baseline 0.005 -12"><span class='ocrx_word' id='word_1_197' title='bbox 478 2401 494 2426; x_wconf 79' lang='lat'>1</span> <span class='ocrx_word' id='word_1_198' title='bbox 521 2401 621 2448; x_wconf 75' lang='lat' dir='ltr'>fuit,</span> <span class='ocrx_word' id='word_1_199' title='bbox 644 2402 903 2451; x_wconf 51' lang='lat' dir='ltr'>Heusinger-3</span> <span class='ocrx_word' id='word_1_200' title='bbox 940 2402 1087 2449; x_wconf 76' lang='lat' dir='ltr'>fuerit,</span> <span class='ocrx_word' id='word_1_201' title='bbox 1111 2403 1246 2443; x_wconf 81' lang='lat' dir='ltr'><strong><em>MSS.</em></strong></span> 
     </span>
    </p>
   </div>
   <div class='ocr_carea' id='block_1_4' title="bbox 477 2455 1376 2561">
    <p class='ocr_par' dir='ltr' id='par_1_8' title="bbox 477 2455 1376 2561">
     <span class='ocr_line' id='line_1_29' title="bbox 479 2455 1077 2506; baseline 0.003 -13"><span class='ocrx_word' id='word_1_202' title='bbox 479 2456 493 2478; x_wconf 83' lang='lat'><strong>²</strong></span> <span class='ocrx_word' id='word_1_203' title='bbox 524 2468 637 2500; x_wconf 89' lang='lat' dir='ltr'>eum,</span> <span class='ocrx_word' id='word_1_204' title='bbox 659 2455 791 2494; x_wconf 75' lang='lat' dir='ltr'>added</span> <span class='ocrx_word' id='word_1_205' title='bbox 812 2456 863 2506; x_wconf 78' lang='lat' dir='ltr'>by</span> <span class='ocrx_word' id='word_1_206' title='bbox 884 2456 1077 2495; x_wconf 78' lang='lat' dir='ltr'>Lambin.</span> 
     </span>
     <span class='ocr_line' id='line_1_30' title="bbox 477 2508 1376 2561; baseline -0.001 -12"><span class='ocrx_word' id='word_1_207' title='bbox 477 2508 494 2532; x_wconf 84' lang='lat'>⁸</span> <span class='ocrx_word' id='word_1_208' title='bbox 523 2509 611 2555; x_wconf 89' lang='lat' dir='ltr'>HS,</span> <span class='ocrx_word' id='word_1_209' title='bbox 634 2509 837 2557; x_wconf 84' lang='lat' dir='ltr'>Lambin;</span> <span class='ocrx_word' id='word_1_210' title='bbox 873 2511 1220 2561; x_wconf 73' lang='lat' dir='ltr'>sextertia(-cia),</span> <span class='ocrx_word' id='word_1_211' title='bbox 1243 2509 1376 2550; x_wconf 79' lang='lat' dir='ltr'><strong><em>MSS.</em></strong></span> 
     </span>
    </p>
   </div>
   <div class='ocr_carea' id='block_1_5' title="bbox 229 2589 317 2648">
    <p class='ocr_par' dir='ltr' id='par_1_9' title="bbox 229 2589 317 2648">
     <span class='ocr_line' id='line_1_31' title="bbox 229 2589 317 2648; baseline -0.011 -14"><span class='ocrx_word' id='word_1_212' title='bbox 229 2589 317 2648; x_wconf 89' lang='lat'>658</span> 
     </span>
    </p>
   </div>
  </div>
 </body>
</html>
