1747 2912
522 145 575 191 L.
628 145 962 192 ANNAEUS
1012 146 1283 193 FLORUS

166 268 415 317 Romanus
440 272 769 319 obstruxerat.
845 273 926 318 Illi
950 272 1202 319 alterum1
1229 275 1320 320 sibi
1347 279 1549 335 portum
1579 273 1642 319 ab

162 356 257 401 alia
282 359 416 404 urbis
435 366 579 421 parte
612 360 868 418 foderunt,
894 377 988 407 nec
1018 368 1075 407 ut
1105 361 1346 422 fugerent
1368 378 1378 416 ;
1431 360 1520 407 sed
1546 376 1646 422 qua

164 460 313 490 nemo
329 446 438 492 illos
453 463 547 494 nec
563 448 776 494 evadere
791 464 934 510 posse
949 448 1203 505 credebat,
1214 449 1333 495 inde
1351 452 1489 511 quasi
1504 445 1645 493 nata2

77 537 126 576 15
159 533 325 579 subito
341 533 507 580 classis
522 539 702 597 erupit,
718 552 831 582 cum
844 539 1047 582 interim
1063 540 1161 581 iam
1178 536 1367 594 diebus,
1381 540 1479 581 iam
1493 538 1649 581 nocti-

164 620 256 666 bus
272 637 399 667 nova
415 622 580 684 aliqua
595 624 767 680 moles,
785 640 912 670 nova
927 623 1175 681 machina,
1191 640 1318 669 nova
1338 623 1652 686 perditorum

165 707 427 755 hominum
452 727 628 757 manus
655 715 794 774 quasi
832 728 894 757 ex
930 712 1111 757 obruto
1134 711 1371 757 incendio
1395 712 1562 757 subita
1586 709 1651 756 de

81 801 131 841 16
172 797 420 843 cineribus
469 797 664 843 flamma
712 799 958 860 prodibat.
1050 799 1336 861 Deploratis
1383 801 1652 844 novissime

166 884 314 929 rebus
339 888 549 946 triginta
585 902 671 932 sex
707 887 844 931 milia
877 890 1093 931 virorum
1127 903 1180 932 se
1205 886 1529 942 dediderunt,
1555 900 1654 947 quo

80 977 130 1017 17
167 975 332 1017 minus
382 972 571 1030 credas,
611 973 739 1019 duce
794 973 1127 1023 Hasdrubale.
1219 972 1424 1030 Quanto
1473 971 1652 1018 fortius

166 1058 354 1105 femina
393 1067 445 1107 et
483 1077 606 1106 uxor
643 1061 815 1107 ducis!
889 1060 1031 1119 Quae
1070 1061 1428 1123 conprehensis
1460 1060 1656 1106 duobus

168 1147 337 1193 liberis
376 1165 404 1193 a
443 1149 662 1196 culmine
704 1165 757 1196 se
800 1149 977 1195 domus
1024 1153 1077 1194 in
1125 1149 1350 1195 medium
1397 1151 1534 1194 misit
1580 1151 1656 1193 in-

169 1235 420 1292 cendium,
463 1240 659 1282 imitata
698 1241 924 1299 reginam
969 1254 1096 1299 quae
1141 1237 1500 1298 Carthaginem
1540 1251 1657 1281 con-

82 1329 133 1369 18
172 1322 314 1369 didit.
391 1323 594 1381 Quanta
619 1325 734 1370 urbs
760 1325 930 1371 deleta
954 1328 1035 1381 sit,
1061 1332 1118 1370 ut
1151 1323 1215 1370 de
1240 1327 1421 1370 ceteris
1445 1330 1657 1380 taceam,

170 1411 234 1457 de
259 1415 389 1472 ignis
415 1429 552 1457 mora
575 1413 772 1474 probari
797 1420 979 1475 potest.
1054 1413 1256 1474 Quippe
1282 1429 1372 1473 per
1395 1414 1659 1457 continuos

171 1499 349 1545 decem
375 1506 427 1545 et
452 1506 649 1561 septem
675 1500 781 1546 dies
806 1504 887 1546 vix
912 1503 1079 1562 potuit
1112 1499 1405 1546 incendium
1432 1501 1661 1559 extingui

172 1587 307 1649 quod
333 1587 562 1634 domibus
588 1605 644 1634 ac
670 1588 874 1650 templis
908 1593 1007 1635 suis
1045 1594 1225 1650 sponte
1262 1587 1432 1634 hostes
1457 1589 1660 1632 inmise-

172 1682 318 1730 rant3
355 1683 424 1732 ut,
453 1684 701 1738 quatenus
735 1664 855 1722 urbs
882 1680 1007 1738 eripi
1048 1677 1281 1722 Romanis
1317 1692 1420 1721 non
1444 1680 1662 1737 poterat,

173 1763 457 1826 triumphus
483 1764 701 1812 arderet.

522 1991 738 2038 XXXII.
781 1992 980 2037 BELLVM
1014 1991 1278 2035 ACHAICVM

88 2116 135 2158 11,
157 2099 216 2148 16
250 2098 406 2156 QUASI
433 2100 686 2145 saeculum
704 2100 830 2146 illud
850 2100 1187 2146 eversionibus
1207 2099 1405 2144 urbium
1424 2104 1664 2155 curreret,

179 2187 494 2249 Carthaginis
510 2193 706 2234 ruinam
726 2191 895 2234 statim
918 2187 1188 2233 Corinthus
1205 2190 1422 2248 excepit,
1444 2185 1664 2231 Achaiae

179 2282 345 2336 caput,
387 2275 629 2322 Graeciae
666 2276 834 2332 decus,
870 2278 1005 2321 inter
1041 2275 1140 2321 duo
1173 2278 1342 2331 maria,
1378 2273 1573 2320 Ionium
1612 2280 1666 2319 et

180 2364 457 2424 Aegaeum,
479 2367 618 2425 quasi
643 2363 930 2425 spectaculo
956 2366 1193 2425 exposita.
1261 2361 1665 2408 Haec—facinus

314 2491 329 2515 ¹
361 2491 549 2530 alterum
565 2492 674 2532 NL:
705 2496 853 2531 autem
873 2493 925 2532 B.
1146 2490 1162 2515 ²
1191 2494 1323 2531 nata:
1354 2495 1460 2530 nota
1479 2491 1531 2530 B.

187 2583 278 2629 140
