1747 2912
541 142 594 190 L.
647 142 980 189 ANNAEUS
1032 142 1302 189 FLORUS

180 286 390 333 rumque
428 286 730 332 praeconem
764 277 998 333 repetere
1023 286 1197 316 vocem
1231 269 1370 315 illam
1404 270 1664 326 iubebant,

180 375 277 421 qua
312 358 517 404 libertas
553 357 773 404 Achaiae
809 358 1246 420 pronuntiabatur,
1270 374 1366 403 nec
1400 357 1548 404 aliter
1580 356 1666 402 illa

182 445 428 492 consulari
487 449 742 492 sententia
813 462 961 508 quam
1032 444 1429 491 modulatissimo
1498 444 1666 507 aliquo

180 534 416 580 tibiarum
441 539 528 579 aut
554 533 724 579 fidium
751 539 902 579 cantu
928 532 1240 579 fruebantur.

270 675 496 723 XXIIII.
550 675 751 720 BELLVM
789 674 1047 721 SYRIACVM
1088 674 1236 719 Rssms
1273 674 1527 720 Awmocm

94 775 188 831 11,8
263 773 606 818 MACEDONJAM
657 772 811 818 Asia1
858 776 1031 819 statim
1067 778 1120 818 et
1156 788 1331 834 regem
1381 770 1668 833 Philippum

182 859 464 906 Antiochus
501 863 704 922 excepit
738 858 955 921 quodam
991 875 1123 916 casu,
1156 862 1296 921 quasi
1331 858 1395 904 de
1425 859 1670 905 industria

183 952 251 995 sic
290 948 673 1009 adgubernante
715 946 933 1003 fortuna,
969 953 1027 993 ut
1069 962 1220 1009 quem
1257 945 1322 991 ad
1362 946 1568 991 modum
1607 947 1670 992 ab

185 1035 355 1081 Africa
380 1039 432 1080 in
467 1033 757 1096 Europam,2
783 1037 852 1080 sie
885 1035 947 1080 ab
983 1031 1220 1096 Europa3
1242 1036 1296 1079 in
1331 1033 1501 1080 Asiam
1538 1033 1671 1081 ultro

186 1140 237 1170 se
298 1124 688 1185 suggerentibus
735 1126 893 1168 causis
940 1125 1205 1184 imperium
1252 1121 1565 1183 procederet,
1617 1129 1671 1169 et

185 1227 300 1257 cum
358 1218 604 1257 terrarum
658 1211 789 1256 orbis
849 1214 948 1256 situ
1009 1213 1115 1271 ipse
1174 1209 1295 1255 ordo
1354 1213 1669 1256 victoriarum

124 1307 149 1346 2
185 1302 458 1360 navigaret.
548 1299 663 1344 Non
705 1297 841 1344 aliud
888 1297 1256 1343 formidolosius
1303 1297 1436 1342 fama
1481 1297 1669 1344 bellum

185 1387 310 1442 fuit3
349 1390 535 1448 quippe
561 1403 675 1432 cum
702 1385 875 1432 Persas
901 1392 954 1432 et
987 1389 1252 1442 orientem,
1280 1385 1487 1431 Xerxen
1517 1392 1670 1448 atque

187 1475 396 1520 Darium
444 1478 743 1536 cogitarent,
785 1473 985 1536 quando
1028 1472 1239 1536 perfossi
1285 1476 1406 1518 invii
1454 1480 1671 1531 montes,

123 1571 150 1610 3
188 1562 388 1625 quando
423 1562 547 1608 velis
585 1568 817 1624 opertum
858 1577 995 1607 mare
1036 1564 1369 1607 nuntiaretur.
1457 1561 1541 1608 Ad
1576 1561 1671 1608 hoc

187 1651 429 1697 caelestes
476 1653 642 1696 minae
689 1650 1008 1706 territabant,
1056 1666 1170 1695 cum
1211 1665 1385 1695 umore
1432 1653 1671 1696 continuo

186 1738 436 1784 Cumanus
485 1738 669 1799 Apollo
717 1738 952 1792 sudaret3
1001 1737 1089 1783 sed
1136 1737 1218 1783 hic
1267 1736 1484 1784 faventis
1519 1737 1670 1785 Asiae

123 1834 152 1871 4
190 1842 306 1872 suae
349 1829 568 1871 numinis
615 1829 765 1871 timor
813 1831 934 1872 erat.
1022 1825 1130 1871 Nec
1173 1841 1291 1871 sane
1332 1827 1448 1871 viris
1493 1827 1670 1888 opibus

186 1917 435 1976 armisque
475 1917 741 1976 quicquam
780 1916 1025 1975 copiosius
1065 1912 1206 1975 Syria
1227 1931 1239 1972 3
1282 1912 1372 1958 sed
1407 1915 1459 1958 in
1495 1929 1670 1960 manus

186 2008 288 2047 tam
348 2005 516 2063 ignavi
574 2005 706 2063 regis
764 2001 1026 2058 inciderat,
1086 2007 1144 2047 ut
1201 1999 1327 2046 nihil
1397 1999 1551 2047 fuerit
1617 2005 1671 2047 in

188 2088 441 2135 Antiocho
483 2092 752 2151 speciosius
792 2105 941 2150 quam
988 2088 1123 2150 quod
1165 2105 1193 2133 a
1237 2088 1470 2134 Romanis
1510 2091 1670 2135 victus

118 2185 144 2222 5
184 2183 274 2223 est.
351 2177 589 2238 Inpulere
643 2193 817 2238 regem
866 2179 919 2221 in
968 2175 1020 2222 id
1068 2175 1258 2222 bellum
1306 2176 1443 2221 illinc
1490 2175 1670 2234 Thoas,

183 2264 415 2310 Aetoliae
473 2268 724 2326 princeps,
792 2263 1142 2310 inhonoratam
1212 2263 1346 2325 apud
1420 2263 1666 2310 Romanos

182 2368 398 2414 querens
435 2351 671 2398 adversus
715 2350 1023 2398 Macedonas
1061 2350 1271 2396 militiae
1307 2367 1426 2397 suae
1459 2354 1668 2398 societa-

265 2446 280 2472 ¹
310 2449 415 2488 Asia
437 2450 533 2489 add.
559 2449 779 2541 Ηαῑσζῑίἒε.
915 2448 931 2473 ²
947 2447 1183 2541 AEffit-opaan
1205 2448 1268 2487 L:
1298 2447 1511 2488 Achaiam
1531 2449 1583 2489 B.

753 2515 914 2554 uropa:
991 2515 1012 2541 c
1047 2514 1115 2541 ala
1177 2530 1188 2542 .

186 2574 204 2603 1
220 2559 276 2604 18
