1802 2942
612 174 667 220 L.
718 173 812 219 AN
822 173 867 218 N
871 172 1052 219 AEUS
1101 171 1370 220 FLORUS

253 302 473 349 necdum
496 301 736 348 adsuetae
761 300 916 346 frenis
953 303 1209 346 servitutis
1243 299 1469 346 tumidae
1506 302 1737 361 gentium

254 370 556 431 inflataeque
582 372 801 415 cervices
837 369 900 412 ab
938 370 1158 428 inposito
1194 383 1357 428 nuper
1392 370 1511 428 iugo
1546 367 1737 413 resilie-

256 437 393 482 bant.
467 436 549 481 Ad
609 438 1012 496 septentrionem
1071 450 1311 479 conversa
1369 433 1528 479 ferme
1589 433 1738 496 plaga

253 503 468 549 ferocius
499 503 698 563 agebat,
740 502 927 556 Norici,
957 501 1131 563 Illyrii,
1166 497 1427 556 Pannonii,
1456 499 1738 558 Delmatae,

255 570 457 627 Moesi,1
509 569 728 615 Thraces
786 575 840 615 et
882 566 1048 626 Daci,2
1095 567 1353 614 Sarmatae
1404 573 1558 630 atque
1613 567 1738 614 Ger-

255 654 403 683 mam.

580 861 747 908 XXII.
789 861 991 907 BELLVM
1028 861 1264 906 NomcvM

294 961 500 1006 Nomcls
536 963 728 1005 animos
771 959 930 1021 Alpes
973 959 1180 1015 dabant,
1220 961 1359 1021 quasi
1401 962 1454 1003 in
1500 973 1650 1020 rupes
1687 963 1742 1004 et

256 1032 399 1073 nives
424 1027 615 1073 bellum
643 1043 745 1072 non
761 1033 934 1088 posset
948 1025 1223 1072 ascendere
1245 1042 1257 1080 ;
1295 1025 1385 1072 sed
1411 1041 1585 1071 omnes
1608 1024 1741 1071 illius

256 1095 472 1141 cardinis
509 1093 732 1155 populos,
775 1094 1017 1149 Breunos,
1056 1093 1327 1139 Vcennos3
1362 1099 1516 1154 atque
1553 1091 1740 1138 Vinde-

257 1162 394 1218 licos,
411 1178 501 1223 per
521 1164 809 1222 privignum
836 1177 981 1206 suum
1000 1160 1264 1206 Claudium
1285 1159 1506 1206 Drusum
1527 1162 1737 1221 pacavit.

262 1229 405 1286 Quae
431 1228 586 1273 fuerit
609 1227 909 1288 Alpinarum
928 1230 1160 1289 gentium
1185 1226 1375 1283 feritas,
1395 1226 1542 1272 facile
1567 1232 1646 1273 est
1660 1225 1742 1272 vel

255 1312 346 1358 per
407 1295 641 1341 mulieres
701 1294 988 1351 ostendere,
1037 1310 1165 1356 quae
1225 1294 1577 1340 deficientibus
1624 1293 1742 1340 telis

256 1362 477 1408 infantes
503 1378 616 1408 suos
640 1361 864 1408 adflictos
891 1361 1031 1407 humi
1048 1361 1069 1390 4
1092 1364 1146 1406 in
1169 1377 1254 1407 ora
1277 1361 1497 1407 militum
1533 1360 1743 1407 adversa

255 1434 517 1477 miserunt.

578 1681 772 1729 XXIII.
815 1681 1016 1727 BELLVM
1056 1680 1333 1726 ILLYmcvM

328 1780 521 1826 ILLvnn
559 1796 758 1841 quoque
793 1780 884 1825 sub
910 1779 1126 1840 Alpibus
1151 1785 1311 1840 agunt
1335 1781 1559 1839 imasque
1583 1777 1741 1824 valles

259 1864 429 1893 earum
455 1854 508 1893 et
533 1847 780 1909 quaedam
805 1849 945 1908 quasi
970 1845 1185 1891 claustra
1205 1845 1498 1891 custodiunt
1517 1846 1742 1906 abruptis

258 1915 571 1960 torrentibus
623 1913 877 1975 inplicata.
966 1913 1029 1958 In
1082 1913 1174 1958 hos
1221 1912 1601 1974 expeditionem
1634 1915 1742 1974 ipse

258 1985 471 2043 sumpsit
519 1981 725 2043 fierique
773 1987 954 2042 pontes
993 1982 1272 2041 imperavit.
1366 1980 1467 2024 Hic
1511 1985 1565 2024 et
1601 1983 1742 2040 aquis

259 2055 312 2094 et
348 2048 495 2094 hoste
532 2048 870 2104 turbantibus,
901 2049 1162 2092 cunctanti
1195 2046 1258 2092 ad
1294 2062 1557 2092 ascensum
1591 2045 1742 2092 militi

258 2122 456 2162 scutum
494 2115 559 2160 de
601 2131 753 2160 manu
792 2117 958 2175 rapuit
996 2120 1050 2160 et
1091 2117 1221 2159 viam
1262 2117 1450 2174 primus
1487 2116 1741 2174 ingressus

257 2189 345 2228 est.
421 2182 551 2227 Tum
575 2185 775 2243 agmine
802 2187 975 2227 secuto
1000 2197 1113 2226 cum
1139 2181 1373 2227 subrutus
1408 2179 1741 2226 multitudine

256 2266 381 2311 pons
440 2248 746 2304 succidisset,
801 2246 1032 2294 saucius5
1094 2248 1324 2293 manibus
1384 2253 1438 2293 et
1495 2247 1735 2304 cruribus,

359 2363 375 2387 ¹
403 2363 567 2402 Moesi:
599 2363 697 2401 misi
718 2363 767 2401 B.
1065 2361 1081 2386 ²
1110 2361 1246 2401 Daci:
1279 2360 1385 2400 claci
1405 2362 1457 2401 B.

358 2417 374 2441 ³
403 2416 610 2463 Breunos,
633 2416 836 2455 Vcennos
858 2416 1151 2455 Rossbachius:
1183 2414 1381 2465 brennos,
1407 2426 1565 2454 cennos
1583 2413 1634 2454 B.

360 2471 377 2495 ⁴
405 2471 525 2509 humi
546 2470 581 2518 I,
606 2483 683 2510 om.
705 2472 755 2510 B.

356 2524 373 2548 ⁵
404 2526 575 2563 saucius
594 2526 759 2564 Aldusz
790 2523 948 2562 sauciis
968 2523 1045 2563 BI.

257 2603 352 2661 328
