1747 2912
526 134 580 180 L.
634 133 968 181 ANNAEUS
1020 134 1292 182 FLORUS

163 269 285 319 tem,
326 261 444 307 hinc
483 262 722 319 Annibal,
762 265 847 324 qui
888 265 941 307 in
983 261 1154 307 Africa
1195 266 1371 319 victus,
1409 261 1649 324 profugus

165 349 218 389 et
243 346 378 404 pacis
405 345 659 404 inpatiens
685 342 884 388 hostem
920 342 1106 403 populo
1146 342 1370 388 Romano
1393 348 1504 388 toto
1528 344 1649 389 orbe

105 430 130 469 6
167 423 460 486 quaerebat.
533 423 601 468 Et
637 422 772 484 quod
808 422 933 468 illud
975 422 1154 468 fuisset
1190 422 1481 484 periculum,
1520 426 1561 469 si
1595 439 1649 469 se

164 503 379 549 consiliis
414 506 519 549 eius
552 519 640 549 rex
677 502 986 559 tradidisset,
1012 503 1065 548 id
1102 509 1179 548 est
1215 506 1255 548 si
1292 503 1442 549 Asiae
1466 504 1650 550 viribus

163 600 279 630 usus
328 583 508 630 fuisset
555 588 707 629 miser
749 583 1006 629 Annibal?
1078 583 1180 629 Sed
1216 599 1303 629 rex
1340 588 1438 630 suis
1474 585 1651 645 opibus

165 672 218 711 et
243 667 447 710 nomine
474 667 613 725 regio
650 664 809 710 fretus
847 667 964 710 satis
1000 663 1179 710 habuit
1215 664 1404 710 bellum
1430 680 1646 711 movere.

106 752 128 792 7
166 746 366 806 Europa
404 749 502 790 iam
544 745 697 790 dubio
745 744 917 806 procul
966 747 1073 791 iure
1122 744 1243 790 belli
1290 745 1354 790 ad
1405 745 1651 791 Romanos

162 826 466 888 pertinebat.
566 826 666 870 Hic
727 824 1111 887 Lysimachiam,
1160 826 1337 871 urbem
1394 829 1447 870 in
1505 825 1651 872 litore

164 907 376 952 Thracio
426 909 641 968 positam
700 923 728 951 a
782 907 1050 952 maioribus
1098 909 1215 964 suis,
1265 906 1547 952 Antiochus
1594 913 1652 953 ut

111 996 134 1035 8
167 987 475 1034 hereditario
534 991 641 1033 iure
700 988 979 1048 repetebat.
1095 987 1209 1032 Hoc
1278 986 1419 1033 velut
1488 987 1651 1034 sidere

74 1960 123 2002 10

164 1070 373 1115 Asiatici
399 1068 521 1114 belli
545 1074 682 1113 mota
707 1074 997 1129 tempestas.
1073 1067 1174 1114 Sed
1199 1071 1442 1114 maximus
1457 1084 1650 1130 regum,

163 1156 433 1196 contentus
482 1148 682 1194 fortiter
729 1148 967 1194 indixisse
1025 1148 1232 1205 bellum,
1283 1165 1396 1194 cum
1454 1152 1652 1211 ingenti

162 1234 376 1292 strepitu
425 1246 481 1275 ac
532 1229 756 1275 tumultu
805 1233 1044 1275 movisset
1096 1246 1158 1275 ex
1212 1230 1347 1286 Asia,
1397 1233 1652 1290 occupatis

162 1314 333 1357 statim
368 1309 544 1356 insulis
588 1309 931 1371 Graeciaeque
974 1310 1202 1355 litoribus
1252 1313 1354 1355 otia
1402 1315 1456 1355 et
1506 1309 1651 1356 luxus

166 1395 305 1454 quasi
348 1394 506 1436 victor
543 1391 782 1451 agitabat.
858 1390 1068 1436 Euboan
1108 1389 1322 1436 insulam
1366 1393 1651 1436 continenti

161 1472 525 1517 adhaerentem
586 1474 730 1517 tenui
810 1470 942 1517 freto
1027 1471 1453 1532 reciprocantibus
1512 1474 1653 1533 aquis

163 1553 379 1614 Euripus
403 1551 666 1598 abscindit.
744 1552 844 1597 Hic
869 1551 954 1598 ille
980 1555 1155 1613 positis
1191 1555 1351 1597 aureis
1385 1555 1652 1614 sericisque

161 1636 392 1679 tentoriis
435 1634 526 1678 sub
564 1636 671 1694 ipso
706 1632 825 1678 freti
861 1649 1132 1689 murmure,
1171 1649 1284 1678 cum
1318 1631 1653 1693 praefluentes

161 1731 318 1776 aquae
343 1715 480 1760 tibiis
506 1713 786 1775 fidibusque
812 1717 1155 1770 concinerent,
1181 1713 1391 1758 conlatis
1429 1712 1652 1776 undique

161 1798 385 1858 quamvis
432 1811 522 1856 per
557 1794 778 1839 hiemem
826 1797 964 1852 rosis,
1001 1810 1066 1840 ne
1108 1810 1211 1838 non
1250 1793 1416 1855 aliquo
1464 1809 1652 1855 genere

161 1875 343 1921 ducem
401 1891 552 1936 agere
612 1874 908 1930 videretur,1
967 1878 1218 1936 virginum
1277 1890 1648 1937 puerorumque

164 1957 379 2003 dilectus
416 1956 648 2002 habebat.
723 1955 898 2001 Talem
938 1971 1058 2017 ergo
1100 1971 1274 2016 regem
1313 1958 1413 2000 iam
1456 1954 1653 2000 luxuria

163 2054 249 2083 sua
287 2037 598 2083 debellatum
647 2036 810 2081 Acilio
859 2036 1133 2082 Glabrione
1181 2035 1386 2081 consule
1435 2035 1650 2097 populus

165 2118 414 2164 Romanus
450 2121 503 2162 in
539 2117 701 2162 insula
740 2117 1004 2179 adgressus
1044 2120 1151 2178 ipso
1193 2119 1364 2162 statim
1401 2115 1650 2162 adventus

610 2264 626 2288 1
656 2278 783 2316 agere
804 2264 1032 2303 videretur
1052 2277 1131 2303 om.
1152 2265 1200 2304 B.

333 2418 348 2497 ἓ
377 2417 528 2512 ῗὶὲεἰετο
547 2430 645 2457 uses
665 2430 691 2456 a
711 2417 877 2456 similar
897 2416 1034 2469 figure
1056 2419 1147 2467 (pro
1169 2415 1368 2465 Murena,
1397 2417 1476 2466 17).

478 2483 562 2512 Rc.

165 2565 257 2596 120
