1747 2912
95 469 141 507 13

96 701 142 739 14

94 1243 141 1280 15

93 1629 142 1667 16

537 100 591 147 L.
644 99 977 147 ANNAEUS
1026 99 1295 148 FLORUS

178 245 231 275 se
257 230 456 290 ignibus
481 232 616 290 prius
642 228 856 291 oleoque
880 228 1430 276 fovissent—horribile
1456 229 1664 276 dictu—

179 306 407 352 homines
425 322 453 351 a
472 306 681 353 meridie
707 312 761 352 et
784 306 888 353 sole
904 310 1184 363 venientes,
1201 314 1371 353 nostra
1389 323 1480 354 nos
1496 307 1663 354 hieme

180 387 421 430 vicerunt.

245 460 652 522 Thrasymennus
701 460 852 518 lacus,
894 464 1103 508 tertium
1144 460 1341 507 fulmen
1383 462 1663 520 Annibalis,

179 542 481 600 imperatore
527 537 809 584 Flaminio.1
880 538 976 584 Ars
1018 554 1147 584 nova
1190 538 1408 585 Punicae
1443 538 1664 595 fraudis3

179 620 366 678 quippe
408 615 594 661 nebula
629 615 766 662 lacus
802 615 1209 678 palustribusque
1233 616 1464 678 virgultis
1498 623 1665 664 tectus

180 697 434 755 equitatus
459 699 604 754 terga
628 694 793 739 subito
818 696 1154 755 pugnantium
1189 697 1384 740 invasit.
1459 694 1568 741 Nec
1596 694 1662 741 de

179 770 256 816 dis
303 786 563 832 possumus
612 774 770 832 queri.
846 770 1191 816 Inminentem
1232 771 1664 818 temerario‘duci

179 847 374 894 cladem
424 847 779 909 praedixerant
825 847 1098 894 insidentia
1140 851 1295 910 signis
1343 852 1573 894 examina
1614 855 1667 896 et

178 925 373 987 aquilae
432 924 630 986 prodire
690 925 925 971 nolentes
998 931 1052 971 et
1123 929 1435 972 commissam
1504 929 1664 973 aciem

179 1010 380 1049 secutus
416 1006 595 1064 ingens
631 1009 797 1048 terrae
832 1009 1049 1058 tremor3
1085 1005 1180 1049 nisi
1221 1003 1364 1048 illum
1406 1002 1660 1050 horrorem

180 1080 271 1126 soli
319 1083 547 1142 equitum
589 1083 907 1142 virorumque
957 1080 1208 1127 discursus
1251 1087 1305 1127 et
1339 1087 1476 1127 mota
1514 1080 1667 1128 vehe-

172 1161 393 1204 mentius
418 1173 553 1202 arma
579 1156 824 1203 fecerunt.

247 1235 496 1293 Quartum
543 1234 595 1280 id
638 1234 729 1281 et2
768 1250 930 1296 paene
978 1234 1213 1281 ultimum
1256 1235 1432 1282 volnus
1468 1239 1666 1298 imperii

181 1312 398 1369 Cannae,
437 1312 671 1373 ignobilis
714 1312 930 1373 Apuliae
969 1315 1139 1367 vicus3
1177 1313 1266 1358 sed
1313 1313 1667 1375 magnitudine

180 1390 332 1435 cladis
392 1392 596 1435 emersit
653 1396 706 1436 et
764 1393 1027 1451 sexaginta
1074 1389 1267 1436 milium
1323 1391 1478 1437 caede
1525 1397 1668 1453 parta

178 1467 425 1513 nobilitas.
503 1467 579 1512 Ibi
622 1470 674 1512 in
714 1467 965 1512 excidium
1005 1466 1220 1513 infelicis
1264 1472 1514 1514 exercitus
1547 1468 1665 1526 dux,

179 1551 330 1602 terra,
379 1543 588 1601 caelum,
637 1544 760 1602 dies,
803 1551 912 1590 tota
954 1561 1122 1590 rerum
1170 1551 1349 1591 natura
1396 1550 1664 1593 consensit.

181 1622 233 1669 Si
303 1622 507 1684 quidem
577 1638 679 1667 non
750 1628 1019 1668 contentus
1079 1622 1323 1669 simulatis
1394 1622 1667 1685 transfugis

180 1699 418 1755 Annibal,
462 1703 547 1761 qui
595 1715 709 1744 mox
758 1706 903 1761 terga
951 1703 1288 1761 pugnantium
1336 1699 1668 1758 ceciderunt,3

178 1781 382 1837 insuper
441 1776 650 1822 callidus
708 1780 979 1837 imperator
1028 1780 1080 1822 in
1139 1778 1433 1838 patentibus
1479 1781 1667 1840 campis

180 1855 442 1900 observato
480 1854 574 1899 loci
612 1857 835 1915 ingenio,
879 1853 1014 1916 quod
1057 1860 1110 1900 et
1158 1853 1227 1899 sol
1278 1855 1347 1899 ibi
1397 1858 1666 1902 acerrimus

181 1938 234 1978 et
259 1931 501 1993 plurimus
528 1931 688 1992 pulvis
716 1938 768 1977 et
795 1947 942 1976 eurus
978 1931 1041 1976 ab
1079 1934 1274 1977 oriente
1305 1948 1503 1995 semper
1528 1936 1667 1995 quasi

180 2025 242 2055 ex
301 2012 593 2065 constituto,
644 2012 714 2055 ita
778 2011 1017 2054 instruxit
1069 2011 1243 2066 aciem,
1298 2015 1371 2066 ut,
1435 2009 1666 2057 Romanis

254 2137 269 2162 ¹
298 2139 513 2179 Flaminio
532 2140 605 2179 N:
637 2138 905 2178 flamminino
925 2140 1028 2180 BL:
1061 2137 1299 2178 flamminio
1319 2140 1359 2182 I.

255 2193 271 2217 ²
302 2200 345 2232 et
367 2196 541 2243 scripsi:
573 2198 638 2232 est
659 2194 768 2232 codd.

254 2248 270 2271 3
299 2247 548 2287 ceciderunt
568 2248 734 2286 Aldus:
765 2246 1014 2286 ceciderant
1034 2247 1147 2286 BIL.

232 2395 247 2420 ¹
279 2396 370 2435 The
402 2395 637 2435 standards
671 2409 785 2435 were
819 2395 924 2447 only
950 2395 1059 2435 with
1089 2395 1309 2448 difficulty
1336 2395 1487 2447 pulled
1518 2401 1596 2437 out
1621 2396 1667 2437 of

173 2451 250 2491 the
278 2449 448 2502 ground
478 2451 524 2489 in
553 2449 698 2490 which
729 2450 836 2502 they
865 2462 980 2490 were
1008 2449 1125 2490 fixed
1157 2450 1267 2501 (Liv.
1302 2449 1455 2499 XXII,
1489 2451 1529 2502 3,
1564 2451 1646 2501 12).

181 2528 242 2586 98
