1802 2942
650 145 1045 194 CORNELIUS
1091 144 1313 195 NEPOS

232 272 690 337 Polyperchontem
729 276 884 329 misit,
925 276 1011 336 qui
1051 274 1116 321 ab
1156 290 1217 321 eo
1256 281 1497 337 peterent
1536 283 1594 322 ut
1633 292 1725 323 sua

179 359 203 397 3
228 351 435 398 decreta
486 351 821 398 confirmaret.
892 351 1046 398 Huc1
1100 352 1281 399 eodem
1332 351 1589 415 profectus
1643 360 1726 401 est

232 427 468 475 Phocion.
538 428 652 487 Quo
697 436 756 476 ut
801 431 958 484 venit,
1004 445 1208 475 causam
1253 430 1390 492 apud
1435 429 1723 494 Philippum

231 523 406 570 regem
436 507 608 562 verbo,
638 523 693 553 re
723 509 833 569 ipsa
863 506 1069 569 quidem
1101 506 1236 570 apud
1266 505 1724 571 Polyperchontem

231 587 391 630 iussus
409 591 488 630 est
503 584 671 631 dicere
688 599 700 639 ;
733 600 955 647 namque
971 587 1011 630 is
1027 591 1140 631 tum
1154 587 1286 648 regis
1302 585 1453 632 rebus
1469 593 1722 647 praeerat.

182 668 208 706 4
233 661 330 708 Hic
367 663 431 708 ab
468 662 685 724 Agnone
723 669 1002 717 accusatus,
1040 662 1176 725 quod
1213 662 1449 709 Piraeum
1488 663 1724 710 Nicanori

233 739 555 801 prodidisset,
583 756 647 785 ex
681 739 870 786 consilii
907 743 1166 786 sententia
1200 742 1252 786 in
1289 741 1574 787 custodiam
1608 757 1725 788 con-

230 820 407 872 iectus,
441 815 670 863 Athenas
704 817 952 864 deductus
985 823 1081 874 est,
1114 823 1174 864 ut
1211 818 1282 864 ibi
1321 818 1385 865 de
1426 834 1486 865 eo
1525 817 1724 882 legibus

236 894 383 941 fieret
410 895 667 941 iudicium.

292 970 341 1020 4.
378 972 492 1019 Huc
529 979 588 1019 ut
623 979 927 1035 perventum
966 979 1062 1028 est,
1101 989 1216 1020 cum
1252 980 1461 1035 propter
1498 980 1724 1021 aetatem

229 1050 443 1112 pedibus
498 1053 599 1095 iam
648 1066 750 1097 non
798 1050 992 1097 valeret
1041 1049 1370 1114 vehiculoque
1418 1058 1726 1113 portaretur,

230 1131 406 1190 magni
438 1144 705 1174 concursus
739 1135 859 1175 sunt
891 1126 1030 1183 facti,
1063 1144 1179 1174 cum
1211 1128 1312 1184 alii,
1344 1131 1725 1177 reminiscentes

231 1208 416 1251 veteris
445 1204 631 1261 famae,
660 1209 845 1252 aetatis
872 1209 1252 1262 misererentur,
1279 1205 1480 1268 plurimi
1507 1223 1626 1254 vero
1652 1210 1727 1254 ira

232 1290 604 1329 exacuerentur
631 1290 841 1345 propter
870 1283 1166 1346 proditionis
1196 1286 1531 1346 suspicionem
1561 1284 1726 1332 Piraei

229 1363 556 1423 maximeque
580 1361 716 1424 quod
739 1361 977 1408 adversus
999 1360 1172 1424 populi
1195 1362 1459 1408 commoda
1479 1365 1531 1408 in
1554 1378 1726 1410 senec-

175 1443 201 1483 2
228 1444 342 1485 tute
376 1445 608 1485 steterat.
678 1438 848 1497 Quare
873 1439 973 1486 ne2
1003 1439 1271 1502 perorandi
1297 1440 1502 1502 quidem
1529 1443 1575 1487 ei
1605 1440 1727 1487 data

231 1523 310 1562 est
346 1515 559 1563 facultas
599 1523 652 1563 et
689 1517 888 1564 dicendi
926 1533 1144 1564 causam.
1217 1516 1344 1564 Inde
1381 1518 1565 1564 iudicio
1601 1517 1727 1582 legi-

231 1596 367 1640 timis
414 1594 717 1656 quibusdam
763 1593 1005 1641 confectis
1051 1594 1339 1650 damnatus,
1384 1595 1601 1643 traditus
1647 1602 1727 1643 est

231 1671 604 1727 undecimviris,
636 1672 817 1734 quibus
850 1672 914 1719 ad
944 1671 1245 1734 supplicium
1273 1688 1413 1719 more
1444 1671 1727 1720 Athenien-

177 1755 202 1795 3
227 1751 356 1794 sium
402 1749 602 1810 publice
649 1749 878 1796 damnati
923 1750 1057 1796 tradi
1102 1749 1283 1796 solent.
1356 1749 1453 1796 Hic
1498 1766 1615 1797 cum
1661 1750 1728 1798 ad

230 1833 450 1872 mortem
486 1827 774 1882 duceretur,
811 1827 985 1873 obvius
1037 1829 1083 1874 ei
1133 1825 1231 1873 fuit
1266 1826 1589 1889 Euphiletus,
1626 1843 1727 1890 quo

231 1902 546 1951 familiariter
580 1903 748 1951 fuerat
781 1920 915 1951 usus.
986 1903 1034 1951 Is
1069 1921 1183 1951 cum
1216 1903 1481 1951 lacrimans
1516 1905 1729 1953 dixisset

231 1980 261 1997 “
286 1981 332 2029 O
369 1998 522 2045 quam
557 1983 766 2046 indigna
800 1985 1101 2045 perpeteris,
1137 1981 1358 2029 Phocion
1392 1982 1402 2029 l
1429 1981 1457 1998 ’'
1493 1981 1610 2029 huic
1643 1982 1728 2030 ille

233 2057 262 2075 ‘⁴
286 2060 359 2107 At
398 2077 499 2107 non
540 2058 852 2122 inopinata,''
893 2062 1086 2123 inquit3
1128 2058 1156 2075 “
1179 2058 1313 2106 hunc
1354 2062 1488 2106 enim
1531 2062 1728 2106 exitum

179 2143 206 2180 4
229 2135 457 2200 plerique
487 2137 606 2184 clari
636 2141 726 2184 viri
755 2136 1045 2184 habuerunt
1075 2135 1469 2184 Athenienses.'’
1536 2135 1598 2184 In
1626 2135 1724 2185 hoc

290 2234 307 2259 ¹
335 2233 434 2280 huc,
461 2233 663 2280 Lamhim
707 2234 804 2281 hoc,
831 2233 965 2273 MSS.

235 2287 470 2382 M}g‚uare
487 2301 556 2335 ne,
575 2289 620 2328 N
623 2288 739 2339 ipp.;
775 2300 861 2340 quo
879 2288 1053 2335 harene,
1071 2287 1110 2326 A
1126 2287 1165 2327 P
1175 2301 1187 2335 3
1212 2299 1299 2339 qua
1318 2286 1370 2326 de
1388 2299 1433 2325 re
1451 2299 1519 2334 nc,
1538 2286 1602 2328 the
1619 2285 1729 2327 other

296 2449 313 2473 1
342 2449 444 2487 This
459 2462 546 2488 was
569 2449 794 2500 Philippus
816 2448 1094 2495 Arrhidaeus,
1117 2446 1405 2487 half-brother
1427 2446 1515 2486 and
1536 2445 1729 2486 nominal

243 2514 460 2542 successor
479 2503 523 2542 of
542 2503 786 2542 Alexander
805 2502 880 2541 the
900 2501 1046 2542 Great.

238 2568 327 2613 602
