1802 2942
551 171 554 172 ⁷
635 111 1029 161 CORNELIUS
1075 111 1295 160 NEPOS

214 242 451 304 hirtaque
472 244 662 296 tunica,
684 256 866 304 gerens
888 243 939 286 in
961 243 1130 302 capite
1152 239 1352 303 galeam
1373 243 1711 296 venatoriam,

216 323 400 370 dextra
426 338 581 367 manu
609 321 820 376 clavam,
849 323 1051 366 sinistra
1078 320 1328 382 copulam,
1357 336 1458 382 qua
1483 322 1710 366 vinctum

217 410 338 449 ante
359 418 412 448 se
432 401 701 465 Thuynem
722 401 928 464 agebat,
948 407 1007 447 ut
1027 403 1068 447 si
1087 399 1249 447 feram
1267 401 1487 447 bestiam
1506 407 1710 463 captam

220 484 446 530 duceret.

166 573 191 612 3
279 563 447 622 Quem
473 579 588 609 cum
616 578 790 609 omnes
817 564 1169 624 conspicerent
1193 569 1403 624 propter
1428 564 1712 608 novitatem

217 651 424 691 ornatus
442 646 775 706 ignotamque
795 641 1009 689 formam
1034 643 1099 689 ob
1125 659 1341 705 eamque
1365 658 1474 688 rem
1497 658 1715 705 magnus

220 732 356 771 esset
424 740 710 779 concursus,
763 722 862 769 fuit
913 739 1015 769 non
1067 739 1217 769 nemo
1272 726 1357 786 qui
1411 729 1713 786 agnosceret

167 814 193 851 4
216 805 399 868 Thuyn
450 807 662 867 regique
715 806 992 850 nuntiaret.
1062 802 1230 850 Primo
1282 820 1384 850 non
1437 803 1714 850 accredidit

216 890 393 948 itaque
431 884 816 930 Pharnabazum
853 887 991 931 misit
1029 884 1365 947 exploratum.
1433 884 1481 930 A
1518 900 1618 947 quo
1654 890 1714 930 ut

218 983 327 1013 rem
359 973 559 1029 gestam
591 968 856 1027 comperit,
889 967 1065 1011 statim
1099 965 1302 1011 admitti
1333 967 1496 1021 iussit,
1527 981 1714 1027 magno

221 1063 375 1110 opere
416 1046 701 1092 delectatus
743 1062 858 1092 cum
899 1044 1036 1092 facto
1076 1053 1189 1092 tum
1229 1053 1430 1102 ornatu,
1470 1047 1717 1107 imprimis

221 1127 358 1190 quod
391 1126 571 1173 nobilis
606 1142 697 1172 rex
732 1129 783 1171 in
818 1133 1134 1188 potestatem
1167 1129 1452 1189 inopinanti
1485 1132 1713 1173 venerat.

170 1219 194 1256 5
221 1209 404 1270 Itaque
440 1206 710 1270 magnifice
749 1206 1009 1253 Datamen
1046 1207 1293 1254 donatum
1332 1207 1397 1253 ad
1435 1209 1715 1253 exercitum

221 1292 376 1344 misit,
416 1290 502 1350 qui
540 1294 652 1333 tum
691 1287 1088 1334 contrahebatur
1127 1288 1256 1334 duce
1295 1287 1622 1333 Pharnabazo
1662 1294 1716 1334 et

221 1369 515 1417 Tithrauste
538 1368 602 1415 ad
621 1368 812 1415 bellum
832 1368 1168 1432 Aegyptium,
1187 1371 1399 1431 parique
1422 1385 1539 1414 eum
1559 1375 1717 1430 atque

221 1450 330 1497 illos
356 1452 568 1511 imperio
596 1465 705 1495 esse
731 1452 891 1495 iussit.
960 1448 1148 1496 Postea
1171 1466 1290 1496 vero
1317 1465 1470 1511 quam
1495 1448 1718 1495 Pharna-

218 1532 403 1578 bazum
427 1546 519 1576 rex
542 1533 816 1585 revocavit,
842 1529 912 1575 illi
937 1546 1136 1576 summa
1159 1532 1357 1592 imperii
1381 1530 1574 1576 tradita
1599 1529 1717 1576 est.1

284 1611 334 1660 4.
371 1610 468 1656 Hic
496 1627 611 1656 cum
639 1613 861 1656 maximo
891 1611 1059 1657 studio
1088 1617 1406 1672 compararet
1435 1613 1717 1657 exercitum

224 1693 626 1755 Aegyptumque
686 1691 931 1754 proficisci
991 1697 1213 1754 pararet,
1275 1692 1443 1737 subito
1505 1707 1535 1737 a
1593 1707 1717 1755 rege

221 1774 428 1819 litterae
458 1779 577 1818 sunt
609 1774 655 1817 ei
684 1775 885 1828 missae,
916 1778 975 1818 ut
1004 1772 1184 1834 Aspim
1215 1772 1600 1835 aggrederetur,
1631 1775 1718 1835 qui

224 1854 523 1900 Cataoniam
547 1853 790 1908 tenebat3
834 1869 965 1915 quae
990 1869 1115 1916 gens
1139 1856 1274 1899 iacet
1298 1869 1450 1915 supra
1474 1852 1718 1909 Ciliciam,

175 1942 199 1979 2
222 1933 429 1981 confinis
486 1933 854 1995 Cappadociae.
924 1933 1158 1996 Namque
1215 1933 1383 1995 Aspis,
1440 1933 1716 1980 saltuosam

223 2017 485 2077 regionem
517 2013 838 2076 castellisque
870 2017 1122 2060 munitam
1151 2013 1393 2069 incolens,
1424 2031 1526 2060 non
1558 2014 1719 2061 solum

220 2097 432 2157 imperio
449 2097 581 2157 regis
596 2111 697 2140 non
712 2095 1045 2156 parebat,sed
1061 2097 1217 2140 etiam
1233 2094 1471 2140 finitimas
1486 2098 1719 2157 regiones

175 2186 201 2225 3
224 2176 447 2222 vexabat
483 2182 536 2221 et
573 2191 703 2237 quae
740 2178 848 2238 regi
883 2182 1210 2237 portarentur
1245 2176 1546 2237 abripiebat.
1615 2175 1720 2222 Da-

227 2264 393 2303 tames
417 2258 512 2301 etsi
533 2255 683 2318 longe
707 2256 886 2302 aberat
909 2257 972 2302 ab
996 2259 1066 2302 eis
1088 2257 1378 2319 regionibus
1402 2263 1456 2302 et
1478 2272 1508 2302 a
1528 2259 1719 2302 maiore

230 2353 284 2383 re
339 2335 748 2392 abstrahebatur,
803 2343 978 2382 tamen
1032 2339 1165 2399 regis
1220 2336 1471 2382 voluntati
1525 2352 1718 2383 morem

655 2456 674 2482 ²
702 2457 866 2497 tradita
886 2460 1004 2505 sunt,
1025 2457 1139 2498 Dan.
1164 2456 1203 2496 A
1218 2457 1322 2498 BP.

229 2548 320 2596 514
