1802 2942
566 167 620 213 L.
673 166 1006 214 ANNAEUS
1056 166 1328 214 FLORUS

158 306 184 343 4
213 296 435 343 factabat
483 300 788 358 compositae
838 299 1054 342 civitatis
1103 302 1305 342 statum.
1381 294 1700 358 Expediebat

215 401 335 446 ergo
360 387 500 445 quasi
536 400 716 445 aegrae
754 386 1050 445 sauciaeque
1077 386 1149 428 rei
1174 382 1405 444 publicae
1442 386 1701 445 quiescere

214 470 698 533 quomodocumque,
732 470 834 517 ne1
887 470 1092 516 volnera
1136 470 1431 516 curatione²
1483 473 1590 531 ipsa
1624 486 1701 516 re-

159 568 183 605 5
215 558 578 604 scinderentur.
656 557 790 619 Ergo
816 574 931 603 cum
967 557 1182 603 turbidis
1220 558 1538 603 contionibus
1562 556 1704 603 velut

216 646 419 691 classico
454 649 711 691 civitatem
748 649 1024 701 terruisset,
1066 644 1322 706 profectus
1358 648 1412 690 in
1449 644 1702 691 Etruriam

159 742 184 779 6
212 750 349 778 arma
381 733 499 778 inde
526 739 579 778 et
617 736 898 778 exercitum
932 733 1043 778 urbi
1075 732 1393 778 admovebat.
1469 731 1571 779 Sed
1605 735 1703 777 iam

217 820 464 866 Mulvium
512 826 723 882 pontem
769 819 1052 882 collemque
1103 819 1386 865 Ianiculum
1435 818 1705 865 Lutatiusss

217 907 422 953 Catulus
449 907 754 969 Gnaeusque
783 907 1065 969 Pompeius,
1091 906 1325 953 Sullanae
1350 906 1705 953 dominationis

161 1004 185 1043 7
215 995 368 1042 duces
403 1001 556 1057 atque
600 994 844 1056 signiferi,
881 994 978 1040 alio
1016 998 1243 1041 exercitu
1280 994 1585 1041 insederant.
1659 995 1704 1040 A

218 1084 397 1145 quibus
436 1086 596 1144 primo
632 1086 804 1128 statim
841 1086 1037 1144 impetu
1070 1088 1206 1128 retro
1240 1082 1411 1144 pulsus
1448 1081 1706 1144 hostisque

217 1188 245 1215 a
289 1176 466 1216 senatu
513 1169 761 1216 iudicatus
803 1173 1070 1216 incruenta
1118 1169 1238 1231 fuga
1280 1169 1552 1227 Etruriam,
1587 1168 1706 1216 inde

217 1257 498 1304 Sardiniam
558 1261 781 1314 recessit,
828 1258 998 1319 ibique
1057 1257 1230 1302 morbo
1281 1263 1334 1303 et
1392 1259 1708 1318 paenitentia

163 1354 187 1391 8
217 1348 423 1391 interiit.
498 1344 726 1391 Victores
769 1360 988 1407 quoque,
1032 1344 1166 1407 quod
1210 1360 1310 1389 non
1352 1350 1546 1391 temere
1589 1343 1708 1389 alias

217 1436 269 1478 in
307 1432 531 1478 civilibus
569 1432 732 1490 bellis,
767 1432 931 1495 pace4
967 1435 1197 1479 contenti
1231 1430 1452 1478 fuerunt.

622 1602 740 1648 XII.
793 1603 992 1649 BELLVM
1032 1602 1305 1648 CATILINAE

130 1700 262 1759 1111,1
332 1700 610 1746 CATIL1NAM
646 1699 842 1746 luxuria
877 1704 1110 1761 primum,
1151 1699 1297 1745 tum⁵
1339 1698 1457 1745 hinc
1499 1698 1710 1745 conflata

220 1795 418 1849 egestas
444 1791 516 1833 rei
542 1787 815 1845 familiaris,
831 1787 978 1833 simul
1006 1774 1213 1844 Occasio,
1233 1786 1366 1849 quod
1392 1790 1445 1832 in
1472 1790 1709 1833 extremis

219 1875 399 1920 finibus
447 1875 623 1920 mundi
671 1892 806 1920 arma
868 1875 1089 1920 Romana
1138 1875 1610 1936 peregrinabantur,
1656 1878 1709 1919 in

219 1962 408 2008 nefaria
469 1962 675 2008 consilia
734 1961 1096 2024 opprimendae
1130 1965 1350 2027 ,patriae
1411 1977 1531 2007 suae
1592 1977 1710 2007 con-

161 2055 185 2093 2
218 2049 431 2111 pulere.6
516 2049 760 2096 Senatum
814 2049 1102 2106 confodere,
1153 2048 1382 2095 consules
1440 2035 1728 2105 trucidare,

220 2136 521 2198 distringere
581 2137 829 2183 incendiis
901 2137 1094 2192 urbem,
1159 2136 1378 2197 diripere
1448 2138 1711 2193 aerarium,

220 2230 380 2270 totam
429 2223 649 2285 denique
698 2240 805 2270 rem
853 2223 1104 2285 publicam
1154 2222 1381 2269 funditus
1429 2221 1609 2268 tollere
1657 2228 1710 2269 et

221 2310 464 2373 quidquid
505 2326 598 2356 nec
642 2311 864 2356 Annibal
910 2310 1167 2357 videretur
1209 2316 1425 2371 optasse,
1462 2310 1709 2372 quibus-

304 2417 319 2441 ¹
350 2431 403 2456 ne
423 2431 500 2457 om.
526 2418 575 2457 B.
991 2418 1006 2441 ²
1037 2417 1284 2456 curatione:
1315 2416 1434 2456 cutio
1453 2417 1503 2456 B.

303 2471 319 2495 ³
351 2471 583 2510 Lutatius:
615 2471 749 2510 latius
770 2472 819 2510 B.
994 2472 1009 2494 ⁴
1038 2483 1165 2521 paee:
1197 2471 1317 2521 pacis
1336 2471 1384 2509 B.

303 2524 317 2548 ⁵
349 2530 469 2564 tum:
505 2538 602 2563 curn
623 2526 684 2564 B:
715 2530 764 2564 tu
787 2525 845 2566 N.
995 2524 1011 2548 ⁶
1042 2523 1296 2575 conpulere:
1327 2523 1552 2563 contulere
1569 2524 1620 2565 B.

224 2582 318 2627 260
