1802 2942
133 695 185 734 66

133 1084 184 1125 67

129 1472 181 1512 68

589 176 640 222 L.
694 176 1028 223 ANNAEUS
1078 177 1348 224 FLORUS

226 306 383 364 magis
422 319 569 365 quam
610 321 875 366 oppressae
914 309 1043 351 vires
1083 311 1257 360 erant3
1301 311 1509 351 auxerat
1546 321 1711 351 sacra-

225 387 455 426 mentum
497 385 603 443 ipsa
652 382 819 429 clades
857 386 1186 444 imperatoris,
1226 399 1322 428 nec
1361 382 1707 444 degenerabat

224 457 407 503 ducum
457 463 715 505 successio.
790 458 991 521 Quippe
1041 463 1159 505 satis
1207 459 1374 522 ample
1423 460 1707 506 sonabant1

223 538 274 579 in
315 535 605 597 Pompeiani
647 540 861 583 nominis
906 537 1068 583 locum
1104 537 1227 583 Cato
1266 545 1319 584 et
1356 537 1534 599 Scipio.
1610 539 1709 583 Ac-

223 616 374 659 cessit
429 617 582 675 copiis
633 614 980 661 Mauretaniae
1028 631 1115 660 rex
1166 615 1305 671 Iuba,
1355 614 1593 661 videlicet
1651 621 1711 661 ut

221 689 370 736 latius
396 695 624 738 vinceret
650 691 842 738 Caesar.
920 691 1059 737 Nihil
1097 709 1217 754 ergo
1242 696 1377 739 inter
1404 692 1708 738 Pharsaliam

223 774 276 813 et
346 768 597 830 Thapson,
658 773 752 815 nisi
823 770 954 831 quod
1017 769 1227 831 amplior
1250 786 1261 824 ;
1333 786 1494 832 eoque
1551 774 1712 816 acrior

223 845 645 892 Caesareanorum
705 850 926 908 impetus
986 847 1100 904 fuit,
1159 847 1534 909 indignantium
1593 854 1709 909 post

225 922 518 984 Pompeium
566 927 780 970 crevisse
827 924 1053 979 bellum3
1112 924 1349 987 denique,
1403 924 1535 987 quod
1586 925 1707 971 alias

220 1017 506 1063 numquam,
548 1009 668 1048 ante
709 1006 977 1064 imperium
1020 1002 1160 1048 ducis
1209 1019 1296 1048 sua
1343 1009 1522 1064 sponte
1565 1005 1710 1064 signa

223 1082 530 1125 cecinerunt.
606 1079 811 1141 Strages
831 1080 850 1108 ²
876 1097 903 1124 a
923 1079 1049 1125 Iuba
1074 1083 1257 1141 coepit,
1284 1084 1422 1126 cuius
1448 1079 1707 1141 elephanti

219 1155 465 1201 bellorum
491 1157 640 1203 rudes
668 1164 721 1203 et
745 1161 925 1218 nuperi
944 1157 963 1186 3
990 1175 1018 1202 a
1053 1158 1174 1203 silva
1206 1161 1517 1204 consternati
1542 1158 1708 1204 subito

219 1233 454 1295 clangore
479 1234 718 1280 lituorum
744 1239 796 1280 in
823 1251 935 1280 suos
961 1251 1071 1281 sese
1098 1239 1457 1297 circumegere.
1524 1235 1706 1282 Statim

219 1315 468 1357 exercitus
511 1315 564 1357 in
605 1311 794 1373 fugam,
828 1328 923 1358 nec
960 1312 1114 1359 duces
1153 1312 1426 1358 fortiores4
1465 1329 1614 1375 quam
1650 1319 1707 1358 ut

223 1389 518 1450 effugerent.
596 1390 712 1435 Non
749 1393 1074 1451 inconspicua
1109 1397 1281 1436 tamen
1307 1407 1440 1436 mors
1466 1394 1701 1437 omnium.

221 1466 326 1511 Iam
368 1466 534 1528 Scipio
576 1483 702 1513 nave
746 1467 1003 1529 fugiebat3
1055 1468 1144 1514 sed
1185 1468 1438 1514 adsecutis
1479 1468 1706 1514 hostibus

216 1543 439 1605 gladium
483 1561 573 1606 per
615 1548 803 1591 viscera
845 1549 1018 1606 exegit
1060 1552 1130 1603 et,
1174 1545 1258 1592 ubi
1304 1552 1438 1592 esset
1485 1545 1702 1607 quodam

218 1625 525 1683 requirente,
571 1623 834 1684 respondit
872 1623 965 1668 hoc
1004 1626 1183 1684 ipsum,
1228 1629 1256 1649 “
1279 1623 1417 1669 Bene
1460 1639 1513 1670 se
1550 1623 1705 1669 habet

219 1699 538 1760 imperator.''
637 1700 761 1745 Iuba
808 1717 921 1745 cum
969 1717 1023 1746 se
1073 1704 1350 1762 recepisset
1396 1704 1449 1746 in
1497 1704 1704 1762 regiam,

216 1777 480 1838 magnifice
507 1778 738 1839 epulatus
765 1784 842 1823 est
867 1785 1068 1838 postero
1088 1778 1170 1824 die
1190 1795 1303 1824 cum
1331 1778 1529 1824 Petreio
1553 1778 1703 1840 fugae

218 1858 401 1901 comite
428 1871 677 1917 superque
703 1872 900 1901 mensas
927 1862 980 1901 et
1005 1856 1183 1918 pocula
1208 1855 1615 1902 interficiendum
1650 1872 1703 1902 se

218 1935 263 1978 ei
310 1933 553 1994 praebuit.
655 1932 746 1979 Ille
796 1940 848 1979 et
906 1937 1013 1994 regi
1063 1933 1259 1979 suffecit
1319 1940 1372 1979 et
1432 1934 1543 1991 sibi,
1590 1949 1703 1979 cum

216 2013 419 2056 interim
454 2014 635 2056 semesi
675 2014 726 2055 in
767 2010 933 2056 medio
973 2012 1070 2056 cibi
1108 2018 1160 2057 et
1197 2010 1476 2073 parentalia
1514 2009 1704 2057 fercula

488 2142 503 2166 ²
533 2142 774 2182 sonabant:
808 2142 992 2182 sonabat
1012 2144 1074 2181 B:
1108 2143 1323 2183 sanabant
1344 2143 1394 2183 L.

490 2197 506 2221 ²
536 2203 581 2235 et
602 2198 788 2247 primum
811 2202 906 2236 ante
926 2205 1095 2248 strages
1115 2198 1215 2236 add.
1237 2199 1287 2237 B.

487 2251 503 2274 ³
533 2252 687 2302 nuperi
711 2253 937 2292 Heinsius:
968 2259 1106 2302 nuper
1127 2252 1238 2290 codd.

491 2306 506 2328 ⁴
536 2304 741 2343 fortiores
760 2307 931 2355 scripsi:
964 2304 1123 2344 fortius
1143 2305 1256 2344 codd.

214 2506 241 2546 d
270 2453 286 2477 ¹
298 2455 381 2546 die.
397 2453 505 2505 they
526 2452 612 2492 had
629 2466 684 2492 an
700 2452 945 2493 additional
961 2452 1201 2505 obligation
1217 2458 1261 2492 to
1276 2465 1441 2506 avenge
1454 2451 1700 2505 Pompeius'

246 2520 295 2546 ea
351 2537 360 2547 .

216 2585 308 2630 288
