1802 2942
593 157 649 205 L.
702 158 1037 205 ANNAEUS
1089 158 1356 205 FLORUS

602 326 663 373 X.
715 326 914 373 BELLVM
951 327 1308 373 SERTomANVM

146 429 195 469 ιι,
214 413 273 459 22
334 413 536 459 BELLUM
558 413 900 460 Sertorianum
920 415 1041 476 quid
1059 414 1271 475 amplius
1291 431 1439 476 quam
1461 413 1696 461 Sullanae

214 484 588 542 proscriptionis
608 481 862 527 hereditas
888 481 984 526 fuit
1003 483 1019 525 ?
1059 481 1261 527 Hostile
1282 485 1448 543 potius
1467 499 1531 527 an
1550 481 1696 528 civile

215 547 427 592 dixerim
462 552 644 606 nescio,
686 552 871 609 quippe
909 547 1043 610 quod
1092 548 1319 594 Lusitani
1356 548 1698 611 Celtiberique

158 619 183 656 2
219 614 438 659 Romano
476 618 724 675 gesserint
766 616 906 661 duce.
981 615 1110 660 Exul
1154 621 1206 661 et
1247 614 1488 676 profugus
1529 615 1697 661 feralis

215 681 347 726 illius
385 682 604 738 tabulae,
640 686 714 727 vir
751 698 974 727 summae
1011 682 1216 743 quidem
1253 681 1342 728 sed
1378 682 1696 729 calamitosae

216 751 414 793 virtutis
456 749 598 794 malis
638 752 737 794 suis
777 752 930 794 maria
972 755 1232 810 terrasque
1271 752 1590 810 permiscuit;
1642 756 1697 795 et

215 818 311 859 iam
361 814 578 871 Africae,
615 819 714 860 iarn
762 815 1050 861 Balearibus
1089 815 1262 861 insulis
1311 815 1564 861 fortunam
1613 832 1696 862 ex—

214 888 386 943 pertus
434 898 591 944 usque
638 886 689 927 in
739 883 1000 928 Oceanum
1052 883 1450 944 Fortunatasque
1503 883 1696 929 Insulas

215 953 501 1009 penetravit
560 949 793 1006 consiliis,
846 949 1055 995 tandem
1116 950 1415 1011 Hispaniam
1472 953 1694 996 armavit.

160 1023 184 1061 3
216 1015 332 1061 Viro
381 1033 493 1061 cum
537 1019 650 1062 viris
698 1016 846 1062 facile
893 1020 1141 1062 convenit.
1218 1017 1325 1062 Nec
1373 1016 1492 1062 alias
1538 1020 1697 1078 magis

213 1087 445 1144 apparuit
485 1084 700 1144 Hispani
724 1084 897 1129 militis
935 1087 1075 1145 vigor
1107 1100 1255 1145 quam
1295 1084 1517 1129 Romano
1552 1083 1693 1130 duce.

159 1157 185 1193 4
217 1148 532 1212 Quamquam
569 1150 655 1196 ille
691 1167 793 1195 non
819 1157 1089 1196 contentus
1126 1151 1373 1212 Hispania
1396 1151 1461 1196 ad
1499 1150 1696 1197 Mithri-

214 1216 386 1262 datem
445 1233 644 1280 quoque
707 1217 1040 1279 Ponticosque
1098 1217 1357 1279 respexitl
1422 1234 1696 1280 regemque

159 1291 183 1328 5
215 1283 370 1329 classe
395 1287 534 1331 iuvit.
610 1285 676 1330 Et
701 1284 821 1346 quid
858 1284 1083 1330 futurum
1113 1283 1210 1330 fuit
1235 1288 1354 1331 satis
1379 1291 1523 1330 tanto
1547 1285 1695 1342 hosti,

213 1354 291 1395 cui
351 1368 450 1396 uno
509 1355 811 1412 imperatore
868 1355 1103 1398 resistere
1162 1368 1240 1398 res
1315 1352 1534 1397 Romana
1592 1368 1696 1397 non

160 1423 184 1461 6
213 1421 412 1479 potuit?
473 1418 674 1464 additus
726 1418 938 1464 Metello
986 1419 1189 1464 Gnaeus
1251 1418 1527 1480 Pompeius.
1629 1419 1696 1464 Hi

215 1489 379 1546 copias
438 1485 689 1531 adtrivere
747 1489 854 1542 viri,
903 1502 1058 1547 prope
1109 1492 1216 1532 tota
1277 1486 1523 1547 Hispania
1581 1502 1696 1547 per-

215 1556 389 1601 secuti.
463 1552 563 1598 Diu
591 1559 644 1598 et
679 1556 887 1614 ancipiti
913 1569 1112 1614 semper
1136 1556 1241 1599 acie
1280 1559 1560 1614 pugnatum
1586 1560 1693 1607 est3

214 1635 308 1664 nec
355 1626 529 1665 tamen
577 1623 710 1680 prius
769 1620 903 1665 bello
951 1636 1100 1681 quam
1148 1636 1349 1666 suorum
1395 1619 1585 1666 scelere
1644 1627 1697 1666 et

214 1686 404 1732 insidiis
453 1690 707 1732 extinctus
755 1685 871 1732 est.2
943 1686 1106 1732 Prima
1153 1703 1242 1748 per
1288 1687 1483 1748 legatos
1525 1686 1695 1733 habita

214 1757 501 1809 certamina,
551 1770 664 1799 cum
711 1753 828 1799 hinc
889 1753 1140 1800 Domitius
1189 1761 1242 1799 et
1301 1754 1529 1810 Thorius,
1576 1754 1695 1800 inde

161 1827 182 1865 7
214 1820 438 1866 Hirtulei
475 1820 805 1881 proluderent
823 1837 834 1875 3
871 1838 986 1866 mox
1017 1821 1093 1867 his
1127 1821 1260 1882 apud
1291 1821 1572 1882 Segoviam,
1596 1821 1693 1867 illis

213 1887 345 1948 apud
379 1887 543 1932 Anam
574 1887 760 1933 flumen
797 1891 1062 1949 oppressis,
1098 1891 1191 1949 ipsi
1229 1888 1382 1934 duces
1418 1891 1695 1934 comminus

212 1957 427 2000 invicem
469 1958 665 2015 experti
711 1955 845 2016 apud
895 1955 1176 2001 Lauronem
1223 1963 1374 2018 atque
1421 1954 1694 2002 Sucronem

268 2047 285 2071 1
313 2048 531 2098 respexit:
562 2049 758 2099 perrexit
777 2049 826 2087 B.

269 2101 285 2124 ²
314 2101 638 2140 lii—extinctus
659 2107 726 2141 est
755 2104 938 2141 Ialmius
965 2106 1001 2141 et
1031 2103 1258 2142 Halmius:
1290 2102 1360 2142 hic
1390 2102 1536 2154 copias
1556 2101 1692 2141 adtri-

211 2162 368 2194 verant
397 2156 482 2194 viri
508 2155 584 2194 diu
604 2160 650 2195 et
678 2157 861 2208 ancipiti
882 2169 1052 2207 semper
1079 2157 1171 2195 acie
1190 2162 1434 2208 pugnatum
1462 2160 1545 2195 est.
1602 2155 1695 2195 Nec

213 2214 360 2248 tamen
381 2210 503 2260 prius
532 2209 647 2248 bello
666 2223 796 2261 quam
827 2223 1003 2249 suorum
1023 2211 1182 2249 scelere
1203 2216 1248 2250 et
1278 2210 1449 2249 insidiis
1471 2210 1693 2249 extinctus

213 2268 292 2302 est.
355 2262 512 2314 Copias
525 2264 618 2302 eius
639 2277 773 2315 prope
793 2269 889 2303 tota
911 2264 1112 2315 hispania
1131 2265 1387 2316 persequuti
1407 2264 1484 2303 diu
1505 2268 1550 2303 et
1571 2264 1692 2302 varia

213 2330 382 2368 semper
411 2318 502 2355 acie
532 2317 823 2357 domaverunt
858 2320 912 2358 Β·
945 2318 990 2356 hi
1020 2319 1166 2369 copias
1195 2319 1280 2357 viri
1309 2318 1383 2357 diu
1413 2322 1460 2357 et
1484 2317 1691 2368 ancipitis

215 2372 414 2432 (ancipiti
438 2371 489 2419 L)
512 2384 684 2423 semper
712 2372 804 2410 acie
833 2371 1085 2411 adtiibuere
1111 2371 1347 2420 (adtrivere
1367 2371 1420 2421 L)
1439 2384 1518 2411 nec
1546 2377 1693 2410 tamen

211 2425 332 2476 prlUS
361 2424 475 2463 bello
495 2438 625 2476 qUam
655 2439 829 2464 SUOI'Um
851 2428 1010 2465 scelere
1031 2431 1076 2464 ΘῘ)
1104 2426 1275 2465 insidlls
1295 2426 1518 2465 eXtainthllS
1547 2437 1693 2476 GOPlaS

215 2479 307 2517 eius
336 2492 471 2539 prope
501 2484 597 2518 tota
619 2483 754 2527 (totas
774 2481 826 2529 L)
848 2479 1048 2530 hispania
1077 2480 1297 2531 persecuti
1327 2479 1404 2519 diu
1433 2483 1479 2519 et
1507 2478 1690 2530 ancipiti

211 2545 380 2584 semper
408 2533 499 2571 acie
527 2532 805 2572 donaverunt
834 2533 874 2571 A
882 2532 924 2572 Ῑ,

211 2591 305 2649 256
