1802 2942
152 261 204 300 70

151 462 201 500 71

152 796 204 838 72

153 1197 206 1240 73

156 1330 209 1372 74

155 1464 206 1506 75

162 1800 214 1841 '76

599 125 654 171 L.
704 124 1039 171 ANNAEUS
1089 123 1360 171 FLORUS

240 257 378 315 regio
394 251 414 280 1
439 251 585 298 simul
615 252 938 314 Romanoque
963 255 1208 314 sanguine
1232 251 1522 298 madebant.
1597 251 1721 298 Cato

239 337 341 366 non
365 318 599 366 interfuit
631 318 779 364 bello.
857 319 1036 365 Positis
1060 318 1195 379 apud
1229 318 1508 380 Bagradam
1544 322 1723 365 castris

242 388 437 433 Vticam
463 385 621 432 veluti
645 386 804 432 altera
829 384 1030 431 Africae
1065 385 1281 431 claustra
1305 386 1549 432 servabat.
1621 385 1723 432 Sed

247 460 454 515 accepta
489 456 707 514 partium
744 452 887 498 clade
922 452 1049 497 nihil
1079 452 1384 509 cunctatus,2
1409 459 1467 498 ut
1489 455 1721 514 sapiente
1795 476 1802 492 ›-

242 521 452 582 dignum
479 526 602 575 erat,
621 526 837 565 mortem
862 520 956 565 sibi
981 522 1134 565 etiam
1159 519 1322 565 laetus
1345 522 1537 565 accivit.
1593 519 1721 564 Nam

241 595 508 650 postquam
542 586 700 632 filium
733 589 1043 648 comitesque
1079 587 1142 632 ab
1178 586 1414 648 amplexu
1439 586 1647 643 dimisit,
1670 589 1723 631 in

240 661 444 700 noctem
483 653 616 699 lecto
658 653 723 698 ad
763 653 1022 699 lucernam
1062 653 1284 699 Platonis
1325 653 1471 710 libro,
1521 656 1607 715 qui
1648 656 1724 698 in·
1801 662 1802 667 ’

240 721 601 768 mortalitatem
652 723 849 766 animae
888 720 1056 777 docet,
1097 720 1303 781 paulum
1347 723 1506 782 quieti
1546 719 1724 779 dedit3

239 796 362 835 tunc
388 791 517 833 circa
541 790 754 848 primam
779 786 1001 848 vigiliam
1037 790 1212 833 stricto
1249 787 1418 849 gladio
1442 787 1725 833 revelatum

241 862 419 918 pectus
459 854 616 900 semel
658 857 944 916 iterumque
984 857 1243 915 percussit.
1318 854 1443 900 Ausi
1479 860 1595 915 post
1630 853 1725 900 hoc

241 926 402 968 virum
439 921 623 967 medici
667 921 850 967 violare
890 920 1144 967 fomentis,
1221 920 1315 967 Ille
1363 937 1551 982 passus,
1599 920 1722 966 dum

241 988 592 1045 abscederent,
618 988 825 1034 rescidit
860 988 1032 1049 plagas
1068 993 1342 1050 secutaque
1378 991 1426 1033 vi
1466 991 1724 1050 sanguinis

242 1055 565 1102 moribundas
606 1071 783 1101 manus
830 1058 883 1100 in
930 1058 1039 1117 ipso
1079 1054 1285 1101 volnere
1326 1055 1550 1117 reliquit,
1590 1054 1725 1117 quod

242 1127 350 1186 ipse
375 1124 449 1169 bis
478 1122 681 1168 fecerat.

311 1189 466 1246 Quasi
488 1205 762 1251 numquam
798 1195 932 1234 esset
963 1188 1273 1246 dimicatum,
1297 1192 1367 1234 sic
1399 1205 1536 1234 arma
1562 1204 1730 1235 rursus

244 1263 297 1303 et
334 1263 517 1318 partes,
543 1262 835 1318 quantoque
866 1255 1038 1301 Africa
1079 1272 1226 1317 supra
1267 1255 1575 1302 Thessaliam
1613 1255 1727 1312 fuit,

242 1331 387 1370 tanto
407 1323 626 1368 Africam
654 1323 922 1383 superabat
948 1323 1207 1384 Hispania.
1282 1322 1557 1368 Plurimum
1575 1338 1731 1385 quan-

243 1398 353 1437 tum
378 1390 558 1436 favoris
591 1391 816 1451 partibus
845 1389 999 1436 dabat
1029 1389 1317 1436 fraternitas
1342 1389 1529 1435 ducum
1560 1396 1614 1436 et
1642 1405 1732 1451 pro

242 1474 343 1504 uno
367 1458 490 1503 duos
516 1464 647 1503 stare
685 1457 958 1518 Pompeios.
1033 1456 1212 1519 Itaque
1244 1473 1491 1519 nusquam
1515 1460 1730 1502 atrocius

245 1541 340 1571 nec
365 1532 467 1570 tam
502 1527 710 1585 ancipiti
745 1524 909 1570 Marte
934 1539 1230 1569 concursum
1258 1530 1349 1570 est.
1424 1523 1644 1569 Primum
1679 1527 1732 1569 in

244 1596 352 1653 ipso
376 1595 503 1637 ostio
530 1591 722 1637 Oceani
742 1590 935 1636 Varus3
963 1590 1243 1652 Didiusque
1268 1591 1422 1652 legati
1448 1591 1729 1637 conflixere.

246 1659 348 1705 Sed
373 1662 531 1704 acrius
555 1657 654 1704 fuit
679 1674 791 1704 cum
817 1661 924 1719 ipso
948 1661 1071 1702 mari
1097 1674 1247 1719 quam
1278 1661 1413 1703 inter
1445 1673 1498 1703 se
1522 1658 1732 1703 navibus

246 1726 451 1782 bellum,
478 1725 741 1787 siquidem,
767 1728 906 1786 quasi
930 1724 1150 1770 furorem
1175 1727 1386 1770 civicum
1402 1723 1424 1754 4
1446 1728 1733 1786 castigaret,

251 1793 483 1838 Oceanus
508 1799 774 1853 utramque
808 1791 1017 1838 classem
1047 1791 1309 1852 naufragio
1338 1791 1537 1838 cecidit.
1609 1790 1732 1848 Qui-

246 1876 361 1904 nam
398 1859 483 1905 ille
521 1859 710 1915 horror,
736 1875 850 1904 cum
889 1858 1068 1904 eodem
1101 1865 1331 1919 tempore
1367 1856 1587 1916 fluctus,5
1621 1874 1732 1920 pro-

246 1927 419 1982 cellae,
448 1929 554 1983 viri,
591 1941 760 1982 naves,
795 1925 1145 1972 armamenta⁶
1191 1925 1546 1987 confligerent!
1584 1925 1733 1972 Adde

245 1997 368 2040 situs
406 1996 558 2054 ipsius
597 1992 936 2049 formidinem,
971 1993 1269 2054 vergentia⁷
1316 1996 1370 2038 in
1412 2009 1569 2038 unum
1616 1992 1733 2038 hinc

330 2104 345 2127 1
376 2103 541 2143 fercula
563 2104 682 2154 regio
701 2114 709 2142 :
743 2102 940 2154 pericula
959 2102 1193 2155 quaeregio
1208 2104 1258 2142 B.

330 2158 345 2182 ²
376 2163 443 2196 est
460 2162 546 2207 post
570 2161 804 2196 cunctatus
824 2158 910 2195 add
929 2157 980 2195 B.
1178 2156 1195 2181 ³
1224 2155 1369 2196 Varus
1387 2171 1396 2196 :
1428 2156 1575 2196 varius
1595 2156 1646 2198 B.

330 2213 345 2236 ⁴
376 2212 589 2251 civicum:
618 2211 780 2249 civium
800 2212 862 2249 B:
894 2210 1065 2248 avicum
1086 2211 1135 2249 L.

329 2265 344 2289 ⁵
376 2264 560 2304 fluctus:
593 2263 800 2304 fluctibus
819 2265 882 2302 B:
915 2263 1086 2303 fructus
1106 2263 1202 2304 NL.

330 2319 346 2342 ⁶
376 2323 671 2358 armamenta:
705 2330 826 2356 arma
845 2321 890 2356 et
909 2325 1109 2356 armenta
1127 2318 1177 2356 B.

332 2373 346 2396 ⁷
376 2373 631 2424 vergentia3
661 2371 865 2423 urgentia
884 2372 932 2409 B.

843 2478 861 2504 ²
888 2478 980 2518 The
999 2479 1174 2519 Phaedo.

251 2566 343 2610 290
