1747 2912
510 159 563 206 L.
618 158 951 206 ANNAEUS
1000 157 1270 205 FLORUS

138 290 272 335 tibus
299 291 480 335 ceteris
518 288 594 334 dis
620 291 742 333 mira
768 304 846 334 res
883 287 1071 333 dicitur
1097 289 1356 333 extitisse:
1391 289 1629 333 restitere

81 390 108 429 9
139 383 376 429 Iuventas
403 389 456 429 et
480 382 759 428 Terminus.
836 381 1032 428 Placuit
1056 383 1253 428 vatibus
1279 383 1596 427 contumacia
1612 379 1632 410 1

139 481 414 535 numinum,
444 480 483 523 si
509 476 715 540 quidem
749 476 888 522 firma
913 479 1081 522 omnia
1107 482 1161 522 et
1193 482 1403 522 aeterna
1426 475 1632 537 pollice-

138 573 335 621 bantur.
410 571 511 618 Sed
559 570 685 616 illud
732 570 1037 626 hortentius,
1089 569 1224 633 quod
1271 567 1633 616 molientibus²

138 665 318 712 aedem
377 669 430 711 in
489 665 834 711 fundamentis
899 665 1176 711 humanum
1238 670 1498 726 repertum
1556 670 1635 711 est

140 767 308 822 caput,
356 776 450 806 nec
499 759 797 806 dubitavere
845 763 1016 805 cuncti
1067 765 1350 805 monstrum
1398 758 1633 820 pulcher-

141 858 321 900 rimum
369 857 567 916 imperii
617 854 790 901 sedem
833 860 1087 917 caputque
1135 861 1383 900 terrarum
1425 858 1633 915 promit-

56 957 102 996 10
141 956 264 996 tere.
340 949 463 995 Tam
502 949 588 995 diu
625 949 911 1011 superbiam
950 953 1082 1011 regis
1125 948 1340 1011 populus
1383 948 1635 995 Romanus

141 1060 407 1106 perpessus
444 1050 535 1099 est,
564 1043 725 1089 donec
751 1043 960 1090 aberat3
996 1043 1184 1099 libid0;
1221 1043 1351 1089 hanc
1378 1059 1440 1089 ex
1465 1043 1635 1090 liberis

55 1146 101 1185 11
141 1142 246 1185 eius
288 1141 711 1199 inportunitatem
754 1138 972 1185 tolerare
1014 1154 1118 1184 non
1153 1140 1333 1200 potuit.
1408 1137 1635 1195 Quorum

142 1250 255 1280 cum
290 1233 419 1279 alter
456 1236 800 1279 ornatissimae
837 1232 1058 1279 feminae
1099 1232 1369 1279 Lucretiae
1403 1238 1633 1295 stuprum

139 1327 406 1384 intulisset,
435 1333 663 1373 matrona
693 1326 915 1373 dedecus
941 1327 1074 1373 ferro
1101 1330 1337 1390 expiavit,
1367 1331 1634 1389 imperium

140 1423 342 1484 regibus
367 1422 675 1484 abrogatum.

317 1603 382 1648 II.
424 1603 870 1665 ANACEquLAEosm
908 1619 971 1649 m:
1009 1603 1209 1650 SEPTEM
1250 1603 1461 1650 Rmmvs

86 1711 116 1759 8
212 1711 357 1755 HAEC
406 1717 484 1757 est
530 1715 689 1772 prima
731 1717 870 1758 aetas
918 1710 1091 1773 populi
1143 1711 1352 1757 Romani
1395 1718 1449 1758 et
1495 1715 1635 1775 quasi

142 1805 372 1862 infantia,
408 1821 557 1867 quam
595 1805 774 1852 habuit
809 1807 902 1852 sub
937 1807 1140 1868 regibus
1177 1813 1388 1868 septem,
1419 1806 1634 1869 quadam

143 1899 360 1945 fatorum
386 1900 633 1946 industria
667 1907 771 1946 tam
796 1903 943 1946 variis
967 1904 1190 1963 ingenio,
1216 1907 1273 1947 ut
1305 1904 1379 1947 rei
1403 1901 1634 1964 publicae

87 2001 112 2039 2
144 1998 269 2040 ratio
319 2001 370 2040 et
431 1995 620 2041 utilitas
668 1994 969 2057 postulabat.
1062 1995 1192 2042 Nam
1252 1995 1373 2058 quid
1424 1995 1635 2043 Romulo

144 2088 439 2135 ardentius?
499 2089 587 2135 tali
637 2105 760 2151 opus
819 2089 929 2147 fuit,
981 2096 1038 2135 ut
1084 2089 1347 2136 invaderet
1404 2106 1630 2153 regnum.

88 2189 113 2229 3
145 2181 281 2239 Quid
325 2182 492 2228 Numa
528 2183 844 2245 religiosius?
895 2183 974 2229 Ita
1015 2200 1094 2231 res
1130 2187 1374 2246 poposcit,
1400 2191 1458 2231 ut
1493 2184 1635 2232 ferox

90 2285 115 2320 4
144 2276 356 2339 populus
415 2277 625 2324 deorum
683 2285 825 2325 metu
882 2281 1214 2341 mitigaretur.
1312 2278 1484 2336 Quid?
1548 2279 1634 2327 ille

509 2430 525 2455 ¹
555 2431 854 2471 contumacia:
883 2431 1202 2470 contumatiam
1219 2432 1271 2472 B.

508 2484 524 2508 ²
554 2484 864 2525 molientibus:
893 2484 1173 2525 moventibus
1191 2486 1242 2526 B.

508 2537 524 2562 ³
553 2537 729 2578 aberat:
762 2538 918 2578 aderat
938 2540 989 2580 B.

148 2627 208 2668 24
