1747 2912
512 158 566 204 L.
619 155 951 203 ANNAEUS
999 153 1271 202 FLORUS

159 289 372 350 regibus,
414 293 472 333 ut
519 285 778 332 consulere
815 285 1004 330 civibus
1042 287 1141 330 suis
1189 280 1279 330 sel
1315 282 1504 329 debere
1539 298 1645 328 me-

102 373 126 413 3
156 370 435 411 minissent.
507 363 829 425 Tantumque
871 359 1155 407 libertatis2
1201 376 1360 406 novae
1407 359 1646 422 gaudium

158 439 470 498 incesserat?
511 447 569 486 ut
617 443 696 485 vix
735 442 918 485 mutati
966 445 1125 484 status
1173 437 1323 483 fidem
1372 435 1648 499 caperent4

161 519 479 580 alterumque
516 534 577 564 ex
615 516 917 572 consulibus,
954 515 1219 560 Lucretiae
1255 517 1506 571 maritum,
1536 520 1646 560 tan-

160 604 269 644 tum
306 596 370 641 ob
405 611 591 641 nomen
629 601 683 640 et
718 609 878 655 genus
910 596 1106 654 regium
1142 592 1358 638 fascibus
1393 593 1647 653 abrogatis

104 684 129 719 4
159 675 281 720 urbe
299 672 317 701 5
338 673 637 718 dimitteret.
698 671 875 732 Itaque
895 670 1200 716 substitutus
1223 669 1464 715 Horatius
1482 668 1650 714 Publi-

161 751 267 798 cola
305 765 499 796 summo
526 749 692 794 studio
717 748 920 793 adnisus
947 754 1025 793 est
1060 746 1125 792 ad
1160 746 1443 807 augendam
1461 745 1482 775 ⁶
1506 745 1649 791 liberi

161 828 332 890 populi
363 830 694 872 maiestatem.
770 824 899 870 Nam
934 830 988 870 et
1020 824 1180 869 fasces
1213 827 1260 869 ei
1292 839 1382 885 pro
1413 826 1650 868 contione

162 908 422 962 summisit,
452 910 506 950 et
540 907 615 949 ius
652 905 1017 964 provocationis
1050 900 1286 950 adversus
1322 904 1454 962 ipsos
1490 899 1650 956 dedit,

164 989 217 1029 et
252 998 317 1028 ne
354 984 521 1043 specie
559 983 683 1026 arcis
720 978 1002 1026 offenderet
1038 978 1347 1024 eminentis⁷
1370 976 1508 1023 aedis
1540 993 1651 1023 suas

105 1069 130 1108 5
161 1064 213 1106 in
260 1058 446 1121 plana8
495 1060 756 1105 summisit.
855 1056 1038 1102 Brutus
1092 1072 1210 1102 vero
1267 1054 1423 1101 favori
1470 1057 1653 1100 civium

163 1141 316 1184 etiam
343 1136 519 1182 domus
545 1151 663 1181 suae
701 1133 844 1180 clade
871 1141 924 1180 et
960 1132 1225 1195 parricidio
1250 1132 1526 1178 velificatus
1558 1138 1649 1178 est.

164 1214 366 1275 Quippe
400 1229 512 1258 cum
547 1211 750 1258 studere
787 1210 1079 1257 revocandis
1114 1214 1167 1255 in
1202 1208 1415 1256 urbem⁹
1451 1209 1653 1271 regibus

163 1293 346 1338 liberos
406 1306 517 1336 suos
573 1293 917 1351 comperisset,
965 1291 1210 1349 protraxit
1267 1291 1321 1332 in
1379 1286 1542 1332 forum
1601 1293 1654 1333 et

168 1373 404 1416 contione
446 1366 614 1413 media
655 1370 805 1428 virgis
855 1365 1054 1422 cecidit,
1092 1368 1253 1411 securi
1300 1367 1562 1426 percussit,
1597 1370 1655 1410 ut

165 1447 313 1510 plane
340 1445 569 1507 publicus
602 1461 783 1507 parens
809 1447 861 1489 in
894 1443 1061 1489 locum
1092 1443 1365 1489 liberorum
1389 1442 1654 1504 adoptasse

166 1525 260 1571 sibi
285 1523 526 1586 populum
553 1522 821 1568 videretur.

110 1610 135 1649 6
233 1602 384 1648 Liber
414 1604 512 1645 iam
543 1599 662 1644 hinc
692 1598 906 1661 populus
942 1598 1194 1644 Romanus
1227 1600 1387 1659 prima
1419 1596 1656 1643 adversus

169 1686 368 1727 exteros
394 1694 531 1723 arma
555 1693 645 1739 pro
669 1676 907 1723 libertate
933 1679 1189 1737 corripuit,
1203 1691 1319 1720 mox
1345 1690 1435 1736 pro
1459 1674 1652 1732 finibus,

169 1756 355 1804 deinde
393 1771 481 1817 pro
519 1758 678 1811 sociis,
716 1761 825 1800 tum
863 1753 1020 1815 gloria
1057 1759 1111 1799 et
1152 1755 1375 1814 imperio,
1416 1752 1657 1798 lacessen-

115 1842 137 1882 7
165 1832 359 1882 tibus1⁰
382 1832 591 1879 adsidue
625 1847 984 1894 usquequaque
1019 1831 1276 1885 finitimis3
1319 1833 1508 1892 quippe
1542 1844 1656 1875 cum

169 1915 317 1975 patrii
344 1910 434 1957 soli
459 1910 640 1972 glaeba
664 1909 819 1967 nulla,
838 1909 927 1955 sed
952 1912 1123 1955 statim
1150 1906 1334 1953 hostile
1360 1910 1655 1970 pomerium,

169 1988 466 2051 mediusque
513 1991 648 2033 inter
698 1986 897 2032 Latium
939 1992 1092 2048 atque
1141 1984 1380 2030 Etruscos
1422 1987 1563 2046 quasi
1603 1987 1657 2029 in

169 2066 385 2130 quodam
420 2066 552 2111 bivio
588 2063 875 2111 conlocatus
911 2064 1140 2109 omnibus
1176 2065 1333 2124 portis
1370 2065 1423 2107 in
1459 2060 1658 2108 hostem

226 2221 243 2246 1
271 2235 316 2261 se
336 2222 432 2261 add.
458 2221 674 2261 Halmius.
948 2219 965 2244 ²
993 2218 1240 2259 libertatis:
1273 2216 1472 2257 libertati
1492 2218 1541 2257 B.

225 2276 241 2301 ³
270 2277 534 2316 incesserat:
563 2276 810 2314 incenserat
830 2274 880 2313 B.
1054 2274 1071 2297 ⁴
1098 2276 1326 2324 caperent:
1359 2272 1588 2323 caperetB.

226 2329 241 2354 ⁵
270 2329 398 2369 urbe:
433 2328 585 2369 urbem
603 2329 642 2368 B
652 2327 678 2366 I
691 2329 748 2367 N.
945 2326 961 2351 ⁶
991 2326 1257 2379 augendam:
1289 2325 1538 2377 augendum
1558 2327 1608 2366 B.

227 2384 242 2407 ⁷
272 2384 504 2423 eminentis
524 2383 593 2423 N:
623 2382 862 2421 aeminenti
881 2383 931 2421 B.
1067 2380 1084 2406 Β
1113 2380 1267 2432 plana:
1299 2379 1453 2432 planas
1472 2381 1522 2420 B.

226 2437 242 2461 ⁹
271 2437 446 2477 urbem:
476 2436 585 2476 urbe
604 2438 653 2476 B.

209 2490 245 2515 ²⁰
272 2492 467 2543 imperio,
493 2488 830 2530 lacessentibus:
862 2489 1094 2541 imperium
1114 2486 1430 2527 lacescentibus
1456 2487 1505 2527 B.

174 2568 233 2614 28
