1747 2912
537 184 592 230 L.
642 181 975 229 ANNAEUS
1024 181 1293 228 FLORUS

183 318 355 373 portus
408 310 595 367 Caieta,
646 311 888 367 Misenus,
935 315 1172 370 tepentes
1222 307 1445 354 fontibus
1499 306 1663 364 Baiae,

124 398 149 436 5
189 389 434 434 Lucrinus
485 395 539 434 et
580 389 828 444 Avernus,
871 386 1119 448 quaedam
1164 388 1312 431 maris
1361 388 1477 434 otia.
1564 385 1665 430 Hic

178 464 385 511 amictil
420 466 605 511 vitibus
641 471 840 511 montes
879 464 1092 520 Gaurus,
1130 462 1388 519 Falernus,
1419 462 1661 509 Massicus

181 550 233 589 et
281 542 648 604 pulcherrimus
692 545 916 588 omnium
954 541 1216 597 Vesuvius,
1265 541 1483 585 Aetnaei
1532 543 1664 601 ignis

120 627 145 666 6
181 624 414 666 imitator.
493 620 656 666 Urbes
681 619 743 665 ad
769 635 904 665 mare
943 618 1186 675 Formiae,
1212 617 1414 673 Cumae,
1453 616 1666 673 Puteoli,

181 697 435 758 Neapolis,
497 696 893 753 Herculaneum,
957 695 1178 756 Pompei,
1240 701 1294 741 et
1350 698 1457 756 ipsa
1517 701 1669 756 caput

179 776 376 821 urbium
449 774 634 836 Capua,
694 773 948 836 quondam
1020 776 1154 818 inter
1222 779 1326 818 tres
1394 771 1669 818 maximas2

123 859 146 900 7
181 858 455 898 numerata.
548 852 641 896 Pro
684 850 777 896 hac
820 851 960 907 urbe,
1003 849 1079 895 his
1129 850 1419 911 regionibus
1456 849 1670 911 populus

184 930 434 975 Romanus
469 928 721 974 Samnitas
761 927 970 984 invadit,
1008 937 1234 989 gentem,
1272 930 1310 972 si
1354 926 1670 988 opulentiam

181 1023 403 1069 quaeras,
430 1010 592 1052 aureis
619 1012 672 1052 et
697 1009 952 1067 argenteis
989 1008 1136 1050 armis
1175 1010 1228 1050 et
1261 1003 1494 1050 discolori
1529 1010 1671 1050 veste

181 1101 337 1146 usque
374 1083 437 1129 ad
474 1084 720 1129 ambitum
755 1081 1051 1137 ornatam33
1089 1085 1129 1128 si
1165 1081 1430 1139 fallaciam,
1463 1081 1672 1128 saltibus

185 1161 292 1207 fere
334 1168 387 1207 et
430 1164 680 1207 montium
721 1159 898 1206 fraude
937 1165 1280 1221 grassantem,
1315 1162 1355 1205 si
1390 1159 1579 1205 rabiem
1615 1175 1672 1204 ac
1712 1181 1716 1185 ¹

180 1239 414 1295 furorem,
465 1237 709 1284 sacratis4
756 1238 952 1299 legibus
1005 1236 1336 1298 humanisque
1392 1235 1569 1282 hostiis
1619 1232 1672 1282 in

182 1320 390 1362 exitium
416 1317 549 1361 urbis
575 1319 848 1377 agitatam3
886 1318 925 1361 si
952 1317 1299 1376 pertinaciam,
1326 1317 1487 1360 sexies
1523 1320 1673 1375 rupto

120 1403 144 1441 8
179 1393 384 1439 foedere
411 1393 737 1455 cladibusque
763 1395 882 1455 ipsis
907 1395 1273 1437 animosiorem.
1350 1391 1460 1437 Hos
1497 1397 1673 1437 tamen

182 1474 549 1534 quinquaginta
590 1473 734 1516 annis
783 1486 874 1531 per
923 1469 1099 1515 Fabios
1147 1485 1204 1515 ac
1249 1468 1470 1530 Papirios
1506 1475 1674 1531 patres

184 1565 456 1610 eorumque
498 1548 682 1593 liberos
717 1550 789 1593 ita
823 1548 1025 1608 subegit
1060 1563 1116 1592 ac
1155 1546 1366 1604 domuit,
1401 1549 1472 1592 ita
1507 1549 1674 1592 ruinas

184 1630 312 1688 ipsas
362 1627 561 1671 urbium
609 1625 780 1682 diruit,
830 1631 886 1671 ut
939 1624 1089 1670 hodie
1146 1623 1405 1670 Samnium
1460 1627 1513 1669 in
1566 1627 1676 1686 ipso

185 1703 387 1749 Samnio
446 1706 731 1765 requiratur
789 1718 885 1748 nec
955 1701 1102 1747 facile
1162 1707 1404 1763 appareat
1462 1704 1674 1747 materia

126 1788 150 1826 9
187 1788 425 1843 quattuor
468 1787 520 1826 et
558 1782 738 1840 viginti
779 1778 1165 1840 triumphorum.
1242 1778 1463 1825 Maxime
1499 1785 1674 1825 tamen

182 1865 302 1903 nota
356 1865 408 1904 et
459 1857 684 1903 inlustris
734 1856 867 1918 apud
915 1856 1163 1902 Caudinas
1207 1855 1423 1902 furculas
1472 1871 1535 1902 ex
1581 1855 1675 1902 hac

182 1942 337 1997 gente
409 1934 578 1980 clades
650 1934 859 1980 Veturio
951 1933 1306 1995 Postumioque
1389 1932 1674 1980 consulibus

99 2020 147 2059 10
186 2019 393 2073 accepta
435 2019 524 2059 est.
600 2011 748 2057 Cluso
789 2027 881 2073 per
919 2010 1122 2057 insidias
1164 2014 1296 2056 intra
1338 2026 1454 2056 eum
1490 2010 1675 2057 saltum

183 2093 424 2147 exercitu,
467 2089 601 2136 unde
644 2105 747 2134 non
797 2095 967 2150 posset
1015 2087 1246 2145 evadere,
1288 2094 1497 2150 stupens
1531 2095 1671 2134 tanta

259 2203 273 2226 1
303 2204 478 2242 amicti:
511 2202 639 2242 amici
660 2203 710 2242 Β.

188 2312 237 2351 Η
259 2257 274 2280 ²
298 2263 385 2308 post
416 2258 628 2296 maximas
657 2257 753 2295 add.
786 2257 933 2295 BINL
963 2269 1128 2295 romam
1158 2255 1558 2308 carthaginemque,
1590 2255 1667 2295 del.

233 2314 416 2362 auptitm.

259 2366 275 2390 ³
308 2370 507 2404 ornatam
528 2365 641 2404 Iord.
671 2365 763 2404 Cod.
789 2364 953 2411 Bamb„
980 2363 1209 2403 Heinsius:
1242 2369 1456 2402 armatam
1476 2362 1553 2403 BI.

262 2420 279 2443 4
306 2420 514 2458 sacratis:
548 2419 682 2457 sacris
702 2419 778 2458 BI.

836 2546 853 2571 ¹
881 2547 956 2586 321
981 2557 1062 2586 ss.c.

189 2618 246 2665 52
