1802 2942
573 142 970 192 CORNELIUS
1020 142 1244 191 NEPOS

164 274 258 319 sub
298 275 485 319 montis
526 272 777 319 radicibus
819 274 926 318 acie
962 274 1170 334 regione
1191 270 1212 301 1
1260 272 1510 317 instructa
1557 285 1660 316 non

166 343 501 402 apertissuma
520 340 828 402 2—namque
877 338 1080 384 arbores
1126 337 1299 383 multis
1346 337 1465 383 locis
1515 343 1661 383 erant

163 423 307 453 rarae
325 406 660 469 3—proelium
702 408 1064 452 commiserunt
1103 403 1199 451 hoc
1241 403 1462 459 consilio,
1504 410 1564 450 ut
1606 410 1660 450 et

164 476 414 520 montium
458 473 728 519 altitudine
771 479 1073 535 tegerentur
1116 478 1170 518 et
1214 471 1448 517 arborum
1491 477 1661 516 tractu

113 548 139 585 4
164 544 422 603 equitatus
490 539 712 586 hostium
779 539 1130 602 impediretur,
1198 554 1264 584 ne
1330 537 1660 584 multitudine

166 608 537 654 clauderentur.

231 675 379 721 Datis
410 677 506 720 etsi
533 690 635 720 non
663 689 884 735 aequum
909 671 1076 718 locum
1104 671 1313 718 videbat
1339 673 1458 726 suis,
1485 677 1662 717 tamen

165 740 327 788 fretus
354 757 564 787 numero
591 743 849 802 copiarum
876 755 1079 785 suarum
1106 738 1377 801 confligere
1404 739 1662 800 cupiebat,

167 824 330 870 eoque
372 811 533 870 magis
578 807 731 870 quod,
775 809 1068 869 priusquam
1113 805 1504 852 Lacedaemonii
1547 805 1663 851 sub-

165 875 291 922 sidio
326 878 575 929 venirent,
612 874 851 920 dimicare
886 873 1013 919 utile
1050 873 1407 919 arbitrabatur.
1478 871 1662 934 Itaque

117 951 143 989 5
167 946 219 988 in
266 945 426 988 aciem
472 941 705 1004 peditum
751 947 976 995 centum,
1024 943 1255 1002 equitum
1301 939 1480 986 decem
1524 938 1663 985 milia

165 1009 406 1071 produxit
435 1008 785 1071 proeliumque
815 1009 1080 1053 commisit.
1151 1007 1212 1053 In
1243 1023 1342 1069 quo
1372 1012 1520 1052 tanto
1549 1006 1662 1068 plus

166 1079 356 1122 virtute
420 1076 689 1122 valuerunt
752 1073 1111 1129 AthenienseS,
1175 1081 1235 1120 ut
1298 1072 1662 1135 decemplicem

167 1159 434 1189 numerum
496 1142 717 1188 hostium
778 1140 1111 1204 profligarint,
1175 1141 1407 1203 adeoque
1467 1147 1663 1203 perter-

167 1213 362 1256 ruerint
399 1216 458 1255 ut
497 1208 681 1255 Persae
720 1225 821 1254 non
859 1216 1041 1264 castra,
1080 1207 1172 1254 sed
1209 1224 1362 1254 naves
1400 1210 1661 1270 petierint.

168 1276 284 1335 Qua
302 1293 475 1339 pugna
493 1275 617 1321 nihil
636 1275 800 1321 adhuc
821 1278 1021 1321 exstitit
1041 1275 1063 1304 4
1086 1274 1329 1329 nobilius;
1365 1274 1504 1320 nulla
1529 1277 1663 1320 enim

169 1360 413 1406 umquam
436 1350 545 1390 tam
571 1346 757 1405 exigua
779 1359 959 1388 manus
984 1348 1156 1388 tantas
1182 1357 1303 1404 opes
1328 1344 1616 1403 prostravit.

231 1409 279 1460 6.
318 1410 469 1456 Cuius
526 1413 765 1456 victoriae
822 1426 924 1455 non
980 1408 1201 1454 alienum
1257 1408 1458 1455 videtur
1514 1408 1663 1471 quale

168 1480 450 1539 praemium
482 1477 705 1523 Miltiadi
735 1479 801 1522 sit
829 1477 1080 1523 tributum
1110 1476 1309 1531 docere,
1341 1491 1440 1537 quo
1469 1473 1663 1522 facilius

118 1551 143 1588 2
166 1544 397 1607 intellegi
453 1547 612 1606 possit
671 1543 888 1590 eandem
946 1546 1171 1589 omnium
1228 1545 1493 1589 civitatum
1552 1558 1663 1589 esse

168 1618 419 1658 naturam.
490 1611 564 1658 Ut
587 1613 721 1657 enim
741 1610 915 1673 populi
936 1609 1150 1656 Romani
1170 1609 1384 1656 honores
1407 1610 1664 1673 quondam

168 1677 376 1725 fuerunt
411 1681 510 1724 rari
546 1685 600 1724 et
634 1685 816 1724 tenues
853 1678 917 1723 ob
954 1692 1170 1739 eamque
1205 1693 1410 1723 causam
1444 1676 1663 1740 gloriosi,

169 1762 303 1792 nunc
349 1752 524 1791 autem
572 1743 713 1790 effusi
762 1751 918 1806 atque
966 1744 1197 1799 obsoleti,
1245 1747 1314 1790 sic
1361 1743 1480 1790 olim
1527 1744 1665 1806 apud

118 1820 143 1860 3
167 1811 509 1859 Athenienses
540 1810 694 1857 fuisse
725 1814 1019 1874 reperimus.
1089 1810 1323 1873 Namque
1354 1810 1471 1857 huic
1503 1810 1664 1857 Milti-

170 1879 270 1935 adi,
321 1882 440 1941 quia
488 1878 719 1925 Athenas
769 1885 1037 1940 totamque
1088 1877 1355 1924 Graeciam
1403 1877 1663 1934 liberarat,

169 1946 284 1993 talis
328 1945 485 1992 honos
529 1947 750 1992 tributus
797 1952 904 1992 est:
948 1948 1001 1991 in
1038 1948 1253 2007 porticu,
1292 1960 1423 2007 quae
1462 1944 1662 1991 Poecile

170 2019 394 2069 vocatur,
437 2029 552 2059 cum
594 2028 767 2076 pugna
809 2013 1174 2076 depingeretur
1218 2011 1561 2069 Marathonia,
1604 2018 1664 2060 ut

233 2120 248 2144 ¹
276 2120 465 2171 regione,
487 2119 618 2166 Ron
657 2133 680 2160 e
702 2120 891 2170 regione,
915 2117 1051 2160 MSS.

231 2173 247 2197 ²
275 2187 364 2213 non
388 2175 692 2225 apertissuma,
712 2173 841 2220 Roth3
868 2185 985 2212 nona
1010 2175 1157 2224 (nova,
1178 2172 1290 2211 Dan.
1317 2187 1369 2220 π;
1405 2184 1536 2219 nana,
1561 2172 1597 2212 A
1620 2172 1661 2223 θ)

172 2228 311 2279 partis
353 2231 557 2279 (partem,
599 2230 646 2276 π)
687 2239 874 2274 summa,
915 2227 1029 2266 Dan.
1072 2227 1111 2266 P
1128 2229 1163 2265 A
1185 2226 1209 2266 θ
1224 2243 1255 2267 π
1270 2239 1322 2273 u3
1369 2238 1473 2273 non,
1500 2228 1662 2277 apertis

173 2294 358 2328 summa,
373 2282 434 2328 B;
453 2294 569 2320 nova
581 2282 732 2320 artevi
744 2293 930 2327 summa,
945 2280 997 2319 M
1009 2296 1020 2328 ;
1040 2280 1086 2319 in
1098 2284 1223 2332 parte
1235 2281 1397 2319 montis
1408 2292 1594 2327 summa,
1607 2280 1658 2320 R.

228 2335 245 2359 ³
273 2347 464 2386 namque
495 2366 503 2374 .
538 2365 547 2374 .
582 2366 590 2374 .
621 2347 744 2374 rarae
760 2334 925 2386 follows
947 2336 1258 2373 commiserunt
1280 2333 1328 2373 in
1350 2333 1414 2374 the
1438 2332 1572 2374 MSS.

230 2388 248 2413 ⁴
276 2390 465 2436 exstitit,
490 2389 643 2436 Halm3
683 2392 750 2428 est
774 2389 840 2428 his
867 2388 1000 2439 (hiis),
1026 2387 1161 2427 MSS.

763 2513 779 2538 ²
809 2511 1075 2553 Pentelicon.

177 2572 264 2629 382
