1802 2942
642 130 1037 182 CORNELIUS
1083 130 1303 182 NEPOS

223 264 404 308 ceteris
441 277 593 323 quam
630 262 694 308 ab
729 260 1034 318 Hannibale,
1069 277 1134 309 ne
1168 261 1253 309 ille
1287 263 1616 310 inscientibus
1653 266 1714 312 iis

223 328 426 375 tolleret
449 344 721 391 secumque
745 329 971 375 duceret.

295 393 376 444 10.
415 394 495 441 Sic
554 399 864 442 conservatis
924 398 1026 441 suis
1075 395 1245 451 rebus,
1305 394 1507 443 Poenus
1558 395 1715 445 illusis

217 462 551 509 'Cretensibus
570 462 821 517 omnibus,
839 462 904 508 ad
919 461 1149 508 Prusiam
1161 466 1214 508 in
1227 462 1450 509 Pontum
1461 468 1714 525 pervenit.

225 529 383 590 Apud
408 545 559 591 quem
594 529 776 575 eodem
809 532 977 576 animo
1008 528 1108 575 fuit
1145 546 1267 592 erga
1303 529 1509 577 Italiam
1544 548 1714 594 neque

226 596 363 642 aliud
376 600 648 659 quicquam
664 600 772 659 egit
789 613 942 659 quam
957 613 1135 659 regem
1152 600 1367 644 armavit
1381 603 1434 644 et
1451 602 1682 645 exercuit
1694 598 1714 628 1

171 670 195 708 2
221 664 459 710 adversus
498 664 767 710 Romanos.
841 663 1010 722 Quem
1045 681 1162 711 cum
1197 665 1397 711 videret
1421 664 1714 713 domesticis

224 732 403 793 opibus
420 734 585 777 minus
604 747 714 777 esse
731 732 1014 786 robustum,
1031 730 1334 778 conciliabat
1349 738 1548 779 ceteros
1564 748 1713 796 reges

226 798 543 861 adiungebat
578 798 841 844 bellicosas
884 801 1135 844 nationes.
1211 798 1508 845 Dissidebat
1545 799 1610 845 ab
1653 817 1714 847 eo

225 864 572 928 Pergamenus
614 882 704 911 rex
752 865 1028 920 Eumenes,
1077 864 1317 912 Romanis
1366 869 1713 923 amicissimus,

170 940 195 978 3
222 932 517 995 bellumque
537 936 672 979 inter
691 948 776 979 eos
795 932 1074 995 gerebatur
1094 938 1147 978 et
1166 936 1295 978 mari
1313 939 1368 979 et
1386 939 1542 979 terra.
1613 933 1715 981 Sed

225 1001 498 1062 utrobique
518 1000 776 1046 Eumenes
795 998 906 1061 plus
923 998 1129 1047 valebat
1144 1006 1354 1062 propter
1371 1000 1715 1048 Romanorum

223 1065 568 1114 societatem.2
639 1066 752 1125 Quo
794 1070 956 1130 magis
1005 1067 1246 1128 cupiebat
1295 1083 1413 1113 eum
1454 1068 1714 1114 Hannibal

223 1139 471 1197 opprimi3
516 1151 669 1196 quem
705 1137 747 1180 si
787 1136 1104 1190 removisset,
1147 1132 1373 1181 faciliora
1408 1135 1504 1181 sibi
1539 1142 1714 1183 cetera

222 1200 331 1249 fore
357 1202 719 1248 arbitrabatur.

291 1269 375 1315 Ad
420 1268 554 1315 hunc
602 1267 1016 1315 interficiundum
1063 1267 1222 1314 talem
1269 1271 1382 1315 iniit
1440 1272 1711 1316 rationem.

165 1343 191 1381 4
217 1335 387 1383 Classe
423 1339 595 1398 paucis
632 1336 810 1382 diebus
848 1341 995 1382 erant
1030 1335 1299 1382 decreturi.
1368 1334 1716 1398 Superabatur

218 1407 422 1450 navium
446 1403 803 1458 multitudine3
843 1402 957 1449 dolo
983 1409 1095 1449 erat
1118 1403 1468 1466 pugnandum,
1488 1420 1603 1450 cum
1623 1421 1716 1466 par

216 1488 317 1517 non
334 1478 467 1517 esset
485 1474 649 1516 armis.
721 1470 997 1532 Imperavit
1014 1486 1166 1532 quam
1180 1469 1419 1532 plurimas
1435 1479 1715 1519 venenatas

217 1546 480 1600 serpentes
512 1541 647 1584 vivas
678 1538 862 1601 conligi
892 1553 1079 1600 easque
1109 1540 1161 1583 in
1190 1554 1309 1583 vasa
1338 1537 1511 1584 fictilia
1539 1542 1712 1586 conici.

164 1614 188 1651 5
217 1606 413 1652 Harum
455 1622 570 1652 cum
614 1604 865 1651 effecisset
905 1621 1145 1668 magnam
1187 1604 1588 1661 multitudinem,
1630 1606 1715 1653 die

215 1675 324 1734 ipso
367 1689 466 1735 quo
509 1671 733 1718 facturus
777 1678 888 1718 erat
929 1671 1107 1718 navale
1148 1671 1396 1734 proelium
1438 1672 1714 1720 classiarios

214 1747 458 1787 convocat
476 1743 637 1802 iisque
655 1742 921 1802 praecipit,
940 1755 1114 1785 omnes
1139 1746 1198 1785 ut
1221 1742 1273 1785 in
1298 1756 1451 1786 unam
1470 1740 1713 1787 Eumenis

215 1810 347 1870 regis
362 1813 663 1853 concurrant
675 1823 876 1862 navem,
891 1822 920 1852 a
933 1809 1114 1852 ceteris
1129 1813 1333 1853 tantum
1346 1810 1468 1853 satis
1485 1806 1712 1854 habeant

216 1891 269 1920 se
292 1873 588 1921 defendere.
661 1874 721 1920 Id
749 1873 857 1920 illos
879 1871 1026 1919 facile
1048 1877 1362 1935 serpentium
1382 1873 1712 1922 multitudine

162 1948 186 1986 6
212 1948 585 1988 consecuturos.
656 1940 766 1987 Rex
793 1947 968 1987 autem
993 1943 1046 1986 in
1072 1957 1173 2004 qua
1198 1957 1326 1987 nave
1353 1939 1626 1988 veheretur
1651 1949 1710 1989 ut

271 2080 287 2104 1
316 2080 505 2126 exacuit,
530 2079 749 2120 Heinrich.

212 2133 435 2228 ἱηῖπεὲἓ..
469 2163 479 2174 .
511 2163 521 2173 .
553 2134 819 2180 societatem,
843 2132 1085 2184 transposed
1114 2132 1164 2184 by
1194 2132 1232 2172 F
1233 2132 1355 2180 lech-3
1385 2132 1490 2185 after
1520 2132 1708 2185 opprimi

270 2385 285 2408 ¹
319 2385 492 2424 Prusias
506 2398 593 2424 was
612 2383 717 2436 king
738 2384 783 2423 oi
802 2383 1029 2435 Bithynia.
1086 2382 1202 2435 Why
1224 2382 1278 2422 he
1299 2395 1385 2422 was
1410 2383 1456 2422 in
1479 2382 1647 2423 Pontus
1668 2383 1703 2423 is

215 2445 292 2479 not
313 2438 473 2477 stated.

271 2492 287 2515 ²
318 2493 394 2532 See
417 2496 521 2532 note
545 2492 584 2540 l,
607 2504 635 2544 p
661 2492 771 2534 .573.

208 2570 299 2626 640
