1747 2912
522 116 575 162 L.
629 114 962 161 ANNAEUS
1012 113 1282 161 FLORUS

161 250 214 290 et
261 247 490 305 gentium
533 244 721 289 arbiter
768 242 981 304 populus
1029 245 1193 303 ipsum
1236 256 1289 287 se
1327 255 1505 302 regere
1541 256 1642 286 non

161 318 346 372 posset,
372 317 426 357 et
452 313 631 356 victrix
657 310 806 356 Asiae
843 316 897 355 et
934 309 1164 370 Europae
1189 325 1219 353 a
1243 307 1457 353 Corfinio
1489 307 1644 353 Roma

161 378 503 439 adpeteretur.

104 452 128 491 8
251 445 471 489 Primum
496 444 593 489 fuit
617 442 737 489 belli
762 441 1041 499 consilium,
1061 448 1118 487 ut
1138 444 1189 486 in
1211 441 1408 487 Albano
1431 447 1605 487 monte
1621 439 1643 469 ²

164 511 294 558 festo
364 511 446 557 die
511 511 804 556 Latinarum
862 508 1018 555 Iulius
1079 509 1257 554 Caesar
1316 515 1369 554 et
1429 507 1644 553 Marcius

167 578 427 640 Philippus
453 577 681 623 consules
706 581 840 623 inter
864 592 1001 622 sacra
1033 582 1087 622 et
1116 592 1223 621 aras
1247 574 1643 624 immolarentur.

102 653 126 692 9
167 645 437 707 Postquam
465 645 516 691 id
542 644 683 690 nefas
716 643 1002 706 proditione
1035 642 1311 689 discussum
1341 649 1434 698 est,
1461 641 1646 688 Asculo

162 712 298 758 furor
337 715 497 758 omnis
540 711 745 773 erupit,2
783 714 836 756 in
882 714 990 771 ipsa
1027 710 1231 771 quidem
1274 709 1504 755 ludorum
1547 707 1644 755 fre·

162 783 371 840 quentia
394 779 658 825 trucidatis
682 781 767 840 qui
803 785 926 824 tunc
951 776 1163 823 aderant
1198 778 1261 822 ab
1297 777 1421 822 urbe
1446 776 1642 838 legatis.

75 855 122 894 lO
163 847 276 892 Hoc
332 846 429 892 fuit
492 849 617 907 inpii
681 844 838 891 belli3
886 851 1266 890 sacramentum.
1364 843 1491 889 Inde
1547 846 1646 888 iam

160 917 343 976 passim
376 914 439 959 ab
475 917 611 959 omni
646 918 789 974 parte
828 911 1021 969 Italiae,
1046 911 1175 957 duce
1212 917 1265 957 et
1300 916 1501 956 auctore
1525 909 1646 956 belli

161 981 473 1027 discursante
502 977 829 1042 Poppae-diost
851 979 1047 1024 diversa
1071 995 1161 1040 per
1185 978 1394 1039 populos
1421 984 1474 1023 et
1498 978 1646 1023 urbes

76 1056 122 1094 11
161 1052 305 1110 signa
330 1051 573 1093 cecinere.
647 1046 756 1093 Nec
781 1045 1045 1091 Annibalis
1069 1062 1164 1092 nec
1191 1044 1366 1107 Pyrrhi
1392 1043 1490 1091 fuit
1503 1051 1648 1091 tanta

162 1118 394 1163 vastatio,
468 1114 599 1160 Ecce
637 1113 943 1170 Ocriculum,
981 1129 1099 1159 ecce
1138 1112 1493 1168 Grumentum,
1529 1128 1647 1158 ecce

164 1182 418 1238 Faesulae,
440 1197 557 1228 ecee
574 1179 594 1209 ⁵
615 1180 849 1237 Carseoli,
869 1180 1128 1237 Aesernia,
1149 1179 1404 1236 Nuceria,⁶
1425 1179 1649 1225 Picentia

161 1249 403 1311 penitus?
460 1248 593 1294 ferro
643 1255 696 1294 et
749 1251 868 1309 igne
922 1253 1193 1293 vastantur.
1284 1246 1442 1292 Fusae
1493 1245 1649 1292 Rutili

77 1323 124 1362 12
163 1320 350 1378 copiae,
400 1315 538 1362 fusae
577 1315 852 1377 Caepionis.
924 1315 1054 1359 Nam
1101 1317 1208 1376 ipse
1251 1313 1407 1359 Iulius
1450 1312 1647 1370 Caesar,

163 1387 389 1430 exercitu
415 1387 609 1438 amisso,
636 1399 748 1428 cum
785 1385 838 1427 in
875 1383 1050 1427 urbem
1080 1387 1318 1427 cruentus
1352 1379 1644 1436 referretur,

163 1450 435 1497 miserabili
477 1449 655 1496 funere
695 1449 914 1495 mediam
952 1465 1043 1511 per
1081 1449 1258 1494 urbem
1300 1451 1430 1493 viam
1483 1446 1647 1493 fecit.8

77 1526 125 1565 13
163 1518 264 1565 Sed
311 1534 493 1579 magna
531 1516 704 1579 populi
750 1517 958 1562 Romani
1000 1515 1217 1571 fortuna,
1261 1521 1316 1561 et
1362 1531 1562 1576 semper
1596 1518 1648 1559 in

163 1585 305 1630 malis
342 1589 513 1640 maior,
555 1588 675 1630 totis
724 1583 892 1630 denuo
938 1584 1123 1629 viribus
1171 1585 1511 1636 consurrexit3
1561 1581 1649 1627 ad-

165 1655 422 1714 gressique
466 1651 688 1713 singulos
727 1650 935 1712 populos
979 1650 1102 1696 Cato
1141 1649 1349 1695 discutit
1398 1649 1651 1706 Etruscos,

165 1720 408 1765 Gabinius
452 1719 656 1775 Marsos,
700 1718 859 1764 Carbo
899 1716 1143 1774 Lucanos,
1193 1716 1330 1762 Sulla
1369 1715 1650 1771 Samnite83

77 1794 127 1833 14
167 1787 430 1847 Pompeius
488 1801 607 1832 vero
660 1784 877 1832 Strabo⁹
933 1788 1099 1831 omnia
1151 1783 1359 1829 flammis
1417 1783 1650 1845 ferroque

220 1893 235 1917 ¹
266 1893 508 1938 consilium,
534 1898 585 1932 ut
614 1893 660 1932 in
690 1892 862 1932 Albano
892 1897 1040 1932 monte
1069 1892 1368 1931 Rossbachius:
1402 1890 1448 1930 in
1477 1889 1652 1931 Albano

168 1954 318 1986 monte
339 1947 567 1986 consilium
584 1951 635 1986 ut
658 1948 706 1986 B.

225 2002 241 2026 ²
271 2001 445 2052 erupit:
479 2001 643 2053 eripuit
662 2002 712 2040 B.
882 1998 900 2023 ⁸
928 2000 1038 2051 inpii
1058 1998 1191 2038 belli:
1224 1997 1412 2038 imbellis
1433 1999 1482 2039 B.

223 2056 240 2079 4
269 2054 547 2106 Poppaedio:
578 2053 796 2106 poppedio
817 2054 924 2093 NL:
957 2053 1157 2105 pompeio
1177 2054 1228 2092 B.

221 2109 237 2133 ⁵
267 2108 575 2157 Grumentum,
622 2121 719 2148 ecce
768 2108 989 2157 Faesulae,
1049 2120 1174 2147 ecce:
1232 2109 1506 2146 crumentum
1554 2117 1652 2146 ecee

168 2163 369 2215 pessulae
390 2166 435 2202 et
455 2164 503 2202 B.

225 2217 240 2240 ⁶
272 2217 494 2265 Aesernia,
520 2215 712 2256 Nuceria
732 2216 940 2255 Iahnius:
973 2219 1140 2254 reserat
1159 2215 1364 2253 anuceria
1383 2214 1440 2254 B:
1471 2226 1538 2253 res
1559 2217 1655 2253 erat

171 2271 347 2309 nuceria
366 2271 420 2309 N.

224 2325 239 2348 ⁷
269 2324 466 2363 Picentia
481 2323 658 2375 penitus
679 2322 919 2373 Haupcias:
950 2322 1116 2373 picenti
1135 2320 1361 2361 moenibus
1381 2322 1433 2361 B.

222 2378 239 2403 ⁸
269 2377 456 2417 mediam
487 2391 564 2429 per
597 2377 749 2417 urbem
776 2378 891 2416 viam
925 2375 1032 2416 fecit
1058 2377 1235 2426 scripsi:
1282 2373 1470 2415 mediam
1500 2374 1654 2415 urbem

172 2444 248 2484 per
269 2433 382 2470 viam
404 2432 511 2471 fecit
530 2432 644 2471 codd.

225 2485 240 2509 ⁹
272 2484 430 2525 Strabo
449 2499 524 2526 om.
550 2485 603 2526 B.

172 2557 266 2601 234
