1802 2942
663 145 1057 193 CORNELIUS
1103 145 1324 195 NEPOS

240 282 459 330 mortuo,
519 273 584 320 ad
643 273 936 335 Iphicraten
995 271 1226 336 confugit
1285 276 1495 337 eiusque
1553 275 1733 337 opibus

192 354 451 405 3defensa
493 361 587 401 est.
655 354 797 400 Vixit
840 353 905 401 ad
947 360 1286 409 senectutem,
1328 353 1540 416 placatis
1583 358 1636 401 in
1678 372 1732 402 se

241 453 445 484 suorum
472 438 656 481 civium
684 437 879 480 animis.
947 433 1164 480 Causam
1193 437 1372 497 capitis
1401 434 1559 481 semel
1587 435 1735 492 dixit,

241 517 375 565 bello
403 516 591 572 sociali,
617 515 766 562 simul
793 532 909 562 cum
935 514 1222 571 Timotheo,
1251 531 1414 578 eoque
1442 515 1626 563 iudicio
1656 523 1736 564 est

243 598 519 646 absolutus.

191 688 217 726 4
318 676 627 725 Menesthea
645 676 802 723 filium
820 676 1027 739 reliquit
1047 692 1110 723 ex
1134 675 1383 723 Thraessa
1402 683 1599 734 natum,
1620 676 1735 724 Coti

242 763 376 823 regis
429 759 545 805 filia.
615 757 664 804 Is
718 774 832 804 cum
884 761 1287 820 interrogaretur
1339 764 1511 804 utrum
1561 757 1737 820 pluris,

242 848 444 904 patrem
474 845 780 894 matremne,
812 836 1024 893 faceret,
1058 836 1086 854 “
1113 836 1393 894 Matrem‚''
1424 841 1606 901 inquit.
1675 838 1738 886 Id

244 939 360 969 cum
401 920 632 967 omnibus
673 922 857 965 mirum
898 918 1174 974 videretur,
1216 925 1271 964 at
1310 918 1395 964 ille
1437 917 1466 935 “
1492 917 1736 975 Merito,''

243 1005 428 1065 inquit,
475 999 685 1055 “faci03
749 1016 868 1045 nam
914 1006 1081 1061 pater,
1127 1006 1377 1062 quantum
1422 1002 1476 1045 in
1521 1016 1576 1046 se
1620 998 1738 1055 fuit,

244 1083 523 1130 Thraecem
540 1097 622 1127 me
641 1083 838 1144 genuit,
856 1087 1034 1126 contra
1052 1096 1112 1127 ea
1129 1086 1296 1126 mater
1313 1078 1737 1127 Atheniensem.”

698 1270 820 1317 XII.
859 1268 1205 1317 CHABRIAS

308 1370 356 1420 1.
394 1369 635 1417 Chabrias
669 1367 1013 1415 Atheniensis.
1082 1367 1180 1414 Hic
1213 1383 1416 1430 quoque
1447 1370 1500 1413 in
1532 1370 1738 1415 summis

247 1453 451 1499 habitus
487 1458 566 1497 est
601 1450 810 1496 ducibus
845 1465 1028 1512 resque
1062 1447 1249 1494 multas
1283 1451 1527 1494 memoria
1561 1449 1739 1512 dignas

249 1537 422 1597 gessit..
490 1530 592 1578 Sed
623 1547 687 1577 ex
716 1533 775 1576 iis
807 1530 974 1576 elucet
1003 1532 1226 1575 maxime
1255 1532 1521 1575 inventum
1552 1532 1658 1575 eius
1687 1532 1740 1576 in

251 1614 441 1677 proelio
467 1612 603 1675 quod
627 1611 763 1673 apud
781 1610 981 1657 Thebas
997 1609 1138 1665 fecit,
1154 1626 1269 1656 cum
1291 1609 1496 1655 Boeotis
1519 1610 1741 1657 subsidio

199 1702 223 1739 2
247 1698 485 1741 venisset.
557 1692 791 1754 Namque
819 1695 871 1737 in
897 1708 957 1737 eo
982 1694 1191 1737 victoria
1215 1690 1462 1736 fidentem
1487 1707 1739 1738 summum

250 1775 432 1822 ducem
476 1773 772 1836 Agesilaum
820 1771 1010 1835 fugatis
1053 1774 1155 1817 iam
1197 1771 1260 1816 ab
1309 1787 1369 1817 eo
1416 1771 1740 1818 conducticiis

251 1858 466 1903 catervis
507 1853 771 1910 coercuit}
806 1853 1055 1915 reliquam
1091 1851 1400 1914 phalangem
1437 1851 1547 1898 loco
1575 1855 1741 1899 vetuit

255 1937 438 1983 cedere
485 1936 773 1997 obnixoque
820 1950 957 1997 genu
998 1940 1160 1988 scuto,
1193 1935 1422 1995 proiecta
1461 1931 1610 1979 hasta
1649 1935 1742 1978 im-

250 2025 430 2080 petum
450 2019 684 2078 excipere
704 2014 926 2061 hostium
951 2014 1138 2060 docuit.
1189 2013 1250 2060 Id
1268 2029 1455 2059 novum
1473 2012 1741 2075 Agesilaus

252 2106 498 2146 contuens
543 2096 781 2160 progredi
819 2113 921 2142 non
961 2102 1040 2142 est
1079 2110 1228 2141 ausus
1268 2109 1486 2156 suosque
1524 2096 1626 2139 iam
1664 2096 1740 2140 in·

660 2204 677 2229 ¹
704 2204 909 2249 coercuit,
930 2201 1060 2242 added
1080 2201 1130 2253 by
1158 2202 1344 2252 Waqner.

312 2339 328 2363 ²
356 2338 447 2378 The
467 2336 677 2378 so·called
697 2335 836 2376 Social
858 2335 977 2382 War,
1000 2335 1192 2376 357-355
1214 2345 1300 2374 13.c.
1357 2332 1434 2372 See
1454 2333 1549 2373 xiii.
1570 2335 1610 2375 3.
1633 2335 1671 2374 1.

314 2393 330 2417 ²
360 2392 492 2443 Cotys
514 2390 698 2441 (Cotyis)
718 2392 754 2429 is
774 2390 849 2429 the
870 2402 1025 2441 proper
1044 2389 1156 2427 form
1180 2388 1224 2427 of
1243 2387 1319 2426 the
1338 2399 1479 2426 name.

312 2447 329 2471 ³
357 2446 577 2496 Reliquam
599 2444 846 2494 phalanqem
870 2442 1099 2494 obviously
1122 2441 1224 2480 does
1247 2444 1327 2480 not
1349 2453 1479 2480 mean
1505 2439 1531 2456 “
1548 2439 1625 2479 the
1653 2442 1742 2479 rest

258 2500 304 2540 of
331 2499 406 2538 the
435 2497 672 2551 phalanX‚’'
704 2497 784 2536 but
813 2497 887 2536 the
919 2496 944 2513 “
962 2499 1050 2536 rest
1079 2495 1142 2546 (of
1169 2495 1245 2534 ‘che
1274 2507 1412 2546 army,
1443 2493 1635 2545 namely)
1663 2492 1741 2533 the

251 2570 343 2632 496
