1747 2912
510 179 565 225 L.
618 177 950 225 ANNAEUS
999 177 1268 224 FLORUS

199 311 488 371 ingenium3
541 306 630 353 sed
669 307 843 352 oborta
888 311 1164 367 tempestas
1205 305 1422 368 solisque
1463 303 1684 351 defectio

115 397 164 438 18
200 391 587 436 consecrationis
621 390 840 449 speciem
879 387 1170 448 praebuere.
1243 386 1334 432 Cui
1374 402 1491 432 mox
1529 385 1684 431 lulius

203 469 438 516 Proculus
463 469 614 514 fidem
646 468 786 524 fecit,
813 471 970 513 visum
995 484 1023 512 a
1049 484 1100 513 se
1129 466 1394 513 Romulum
1418 466 1684 512 adfirmans

199 554 488 613 augustiore
524 549 682 595 forma
717 565 867 612 quam
904 548 1111 604 fuisset3
1147 547 1386 594 mandare
1422 553 1685 610 praeterea

200 639 256 679 ut
298 648 350 679 se
392 648 482 694 pro
520 633 728 676 numine
770 633 1087 692 acciperent3
1145 628 1414 687 Quirinum
1455 632 1509 674 in
1546 628 1686 675 caelo

198 716 390 768 vocari3
431 712 672 775 placitum
708 711 784 757 dis
820 717 878 757 ut
912 713 1144 773 gentium
1184 711 1338 756 Roma
1373 715 1647 772 poteretur.

146 798 174 844 2
263 793 501 841 Succedit
541 791 751 838 Romulo
778 792 944 838 Numa
983 791 1271 854 Pompilius,
1297 806 1449 854 quem
1475 790 1685 836 Curibus

202 876 396 923 Sabinis
439 880 679 936 agentem
721 873 854 919 ultro
892 876 1186 935 petiverunt
1230 873 1294 918 ob
1334 871 1561 918 inclitam
1596 858 1686 916 riri

146 966 169 1004 2
199 957 510 1019 religionem.
586 955 679 1001 Ille
727 971 864 1001 sacra
912 961 966 1001 et
1012 956 1335 1000 caerimonias
1383 968 1686 1015 omnemque

202 1038 394 1085 cultum
429 1037 637 1083 deorum
684 1036 1023 1082 inmortalium
1061 1035 1251 1093 docuit,
1286 1034 1372 1081 ille
1408 1033 1686 1097 pontifices,

201 1135 431 1182 augures,
465 1117 622 1165 Salios
665 1124 936 1179 ceteraque
978 1116 1273 1174 sacerdotia,
1301 1131 1594 1177 annumque
1634 1118 1688 1160 in

147 1209 170 1248 3
201 1200 468 1247 duodecim
493 1214 709 1256 menses,
734 1197 887 1244 fastos
914 1197 1021 1243 dies
1047 1196 1370 1259 nefastosque
1397 1195 1686 1259 discripsit,1

203 1282 287 1328 ille
323 1281 502 1326 ancilia
538 1287 691 1342 atque
738 1279 1030 1336 Palladium,
1072 1286 1267 1325 secreta
1308 1278 1556 1341 quaedam
1595 1281 1687 1324 im-

204 1367 329 1426 perii
369 1366 596 1425 pignora,
635 1361 912 1424 Ianumque
951 1364 1228 1423 geminum,
1265 1360 1416 1406 fidem
1453 1361 1587 1422 pacis
1629 1375 1686 1404 ac

203 1444 341 1501 belli,
379 1447 432 1489 in
469 1446 638 1505 primis
683 1442 850 1488 focum
887 1441 1073 1488 Vestae
1108 1439 1384 1503 virginibus
1419 1439 1688 1486 colendum

205 1526 364 1582 dedit,
389 1531 447 1571 ut
482 1524 545 1570 ad
581 1523 899 1570 simulacrum
936 1522 1228 1569 caelestium
1265 1521 1487 1568 siderum
1522 1528 1688 1568 custos

205 1609 400 1668 imperii
436 1605 632 1651 flamma
665 1604 926 1666 vigilaret:
961 1603 1086 1650 haec
1120 1606 1286 1649 omnia
1319 1605 1458 1666 quasi
1490 1605 1685 1649 monitu

149 1697 173 1734 4
204 1688 329 1734 deae
378 1687 608 1749 Egeriae,
644 1702 742 1748 quo
788 1689 946 1747 magis
995 1685 1191 1730 barbari
1238 1688 1539 1747 acciperent.
1613 1683 1688 1730 Eo

206 1770 425 1832 denique
472 1767 692 1814 ferocem
729 1766 970 1829 populum
1006 1766 1224 1828 redegit,
1261 1772 1335 1823 ut,
1370 1764 1506 1827 quod
1551 1767 1599 1810 vi
1636 1771 1688 1811 et

206 1853 384 1895 iniuria
419 1855 686 1910 occuparat
723 1850 1007 1909 imperium,
1033 1846 1276 1908 religione
1312 1853 1466 1909 atque
1502 1848 1690 1893 iustitia

206 1932 523 1993 gubernaret.

152 2013 182 2060 3
275 2011 475 2073 Excipit
513 2010 811 2073 Pompilium
847 2010 1064 2056 Numam
1101 2009 1275 2056 Tullus
1317 2007 1580 2066 Hostilius,
1612 2010 1691 2054 cui

561 2152 576 2176 1
606 2151 830 2204 discripsit
850 2151 957 2191 NI:
986 2151 1219 2202 descripsit
1245 2151 1329 2191 BL.

255 2304 270 2328 1
300 2303 466 2342 Priests
486 2303 531 2341 of
550 2303 685 2341 Mars.

254 2357 271 2382 ²
299 2357 390 2396 The
410 2357 560 2395 sacred
587 2355 749 2395 shields
769 2370 882 2395 were
901 2355 994 2395 said
1023 2361 1070 2396 to
1088 2356 1198 2395 have
1220 2355 1351 2395 fallen
1371 2355 1481 2395 from
1508 2355 1693 2403 heaven,

199 2411 285 2450 and
308 2424 421 2450 were
442 2411 486 2449 in
512 2411 589 2449 the
616 2411 772 2462 charge
792 2410 837 2449 of
862 2410 938 2449 the
966 2410 1071 2450 Salii
1097 2411 1140 2449 in
1168 2410 1244 2449 the
1270 2410 1448 2461 Temple
1474 2409 1519 2448 of
1544 2409 1692 2455 Mars;

199 2466 276 2504 the
304 2465 562 2512 Palladium,
597 2478 651 2502 an
681 2466 822 2515 image
851 2464 895 2503 of
928 2464 1072 2503 Pallas
1107 2464 1355 2513 (Minerva),
1392 2477 1479 2503 was
1507 2461 1693 2515 reputed

200 2526 247 2558 to
267 2519 377 2558 have
395 2518 504 2558 been
525 2518 655 2557 saved
677 2526 724 2558 at
745 2518 821 2557 the
841 2518 944 2557 sack
964 2518 1009 2557 of
1029 2518 1160 2570 Troy.

213 2611 271 2653 14
