1802 2942
631 158 1027 208 CORNELIUS
1075 159 1297 208 NEPOS

219 288 449 332 triremes
475 303 668 350 suaque
695 291 863 334 omnia
889 304 1020 351 quae
1045 291 1237 336 moveri
1261 295 1502 351 poterant
1525 291 1712 352 partim

220 357 512 414 Salamina,1
572 364 759 422 partim
817 361 1113 408 Troezena²
1173 362 1486 424 deportant3
1545 378 1712 409 arcem

220 433 566 480 sacerdotibus
614 438 890 498 paucisque
937 436 1210 482 maioribus
1257 442 1385 482 natu
1427 435 1525 482 ad3
1573 452 1714 482 sacra

219 507 535 568 procuranda
563 508 793 564 tradunt,
820 509 1072 571 reliquum
1099 509 1343 572 oppidum
1368 509 1679 572 relinquunt.

281 579 330 630 3.
367 580 529 627 Huius
551 582 811 628 consilium
830 582 1085 646 plerisque
1106 584 1394 630 civitatibus
1416 583 1716 646 displicebat

221 660 276 700 et
311 657 363 700 in
400 662 537 701 terra
575 656 800 702 dimicari
836 660 997 720 magis
1035 656 1287 719 placebat.
1358 657 1542 720 Itaque
1578 659 1714 704 missi

220 736 339 775 sunt
374 728 559 776 delecti
593 747 708 776 cum
743 729 988 786 Leonida,
1024 730 1543 778 Lacedaemoniorum
1575 747 1716 794 rege,

221 805 307 864 qui
356 801 720 866 Thermopylas
771 811 1078 866 occuparent
1127 803 1428 867 longiusque
1478 804 1717 851 barbaros

221 876 458 939 progredi
515 893 615 923 non
671 883 988 939 paterentur.
1057 876 1126 923 Hi
1182 880 1284 923 vim
1339 876 1562 924 hostium
1616 894 1719 924 non

171 955 195 993 2
220 953 571 997 sustinuerunt
632 966 794 1013 eoque
854 949 963 997 loco
1023 966 1198 997 omnes
1257 953 1577 997 interierunt.
1644 951 1719 998 At

222 1022 390 1070 classis
428 1027 706 1070 communis
745 1023 990 1070 Graeciae
1027 1030 1374 1070 trecentarum
1410 1027 1632 1080 navium,
1665 1027 1719 1071 in

224 1113 325 1160 qua
371 1098 624 1144 ducentae
671 1105 818 1144 erant
863 1097 1274 1153 Atheniensium,
1319 1101 1538 1160 primum
1584 1098 1720 1161 apud

224 1172 556 1218 Artemisium
586 1175 721 1218 inter
751 1171 1016 1218 Euboeam
1047 1174 1499 1235 continentemque
1530 1180 1720 1220 terram

225 1262 339 1291 cum
405 1245 666 1292 classiariis
732 1250 865 1310 regis
932 1245 1172 1293 conflixit.
1242 1248 1519 1310 Angustias
1585 1251 1721 1294 enim

224 1318 588 1366 ssemistocles
622 1320 921 1383 quaerebat,
953 1336 1018 1366 ne
1050 1319 1380 1367 multitudine
1411 1323 1719 1368 circuiretur.

174 1401 198 1440 3
224 1393 320 1440 Hic
349 1397 444 1440 etsi
470 1397 578 1456 pari
605 1394 796 1456 proelio
824 1394 1177 1450 discesserant,
1204 1401 1380 1441 tamen
1407 1395 1588 1442 eodem
1612 1395 1721 1442 loco

225 1484 326 1514 non
363 1475 482 1514 sunt
519 1472 626 1514 ausi
662 1484 887 1524 manere,
926 1468 1063 1531 quod
1100 1475 1211 1515 erat
1246 1468 1527 1531 periculum
1562 1485 1645 1526 ne,
1680 1473 1722 1516 si

225 1558 340 1604 pars
393 1545 597 1588 navium
650 1542 1049 1589 adversariorum
1100 1543 1365 1589 Euboeam
1417 1550 1723 1606 superasset,

174 1622 200 1658 4
225 1618 432 1677 ancipiti
468 1623 823 1677 premerentur
859 1615 1098 1677 periculo.
1167 1615 1282 1675 Quo
1319 1614 1513 1662 factum
1551 1623 1629 1664 est
1663 1623 1724 1665 ut

227 1689 291 1734 ab
335 1690 608 1735 Artemisio
653 1690 975 1736 discederent
1017 1696 1072 1736 et
1115 1690 1450 1737 exadversum
1491 1689 1724 1738 Athenas

228 1763 364 1825 apud
393 1762 647 1809 Salamina
677 1764 888 1810 classem
917 1780 1061 1810 suam
1089 1767 1475 1811 constituerent.

289 1835 337 1885 4.
375 1838 447 1883 At
487 1837 701 1893 Xerxes,
741 1836 1091 1900 Thfflmopylis
1133 1840 1455 1900 expugnatis,
1494 1840 1724 1900 protinus

229 1914 438 1957 accessit
466 1918 579 1958 astu
600 1912 621 1941 4
647 1911 801 1974 idque
828 1911 975 1957 nullis
1003 1909 1415 1967 defendentibus,
1442 1910 1723 1959 interfectis

177 1990 201 2027 2
225 1985 570 2031 sacerdotibus
595 2002 719 2048 quos
743 1988 795 2031 in
819 2001 932 2031 arce
955 1987 1237 2041 invenerat,
1260 1985 1493 2031 incendio
1517 1985 1721 2033 delevit.

230 2057 381 2104 Cuius
419 2057 624 2104 flamma
659 2062 917 2121 perterriti
955 2058 1192 2105 classiarii
1229 2075 1343 2105 cum
1379 2075 1586 2106 manere
1622 2076 1724 2106 non

230 2132 480 2179 auderent
534 2139 587 2180 et
640 2133 840 2195 plurimi
892 2132 1219 2180 hortarentur
1270 2140 1329 2180 ut
1382 2133 1555 2180 domos
1608 2149 1723 2181 suas

231 2205 552 2252 discederent
580 2206 947 2269 moenibusque
975 2222 1030 2253 se
1059 2204 1415 2263 defenderent,
1441 2205 1724 2254 Themisto-

291 2304 310 2330 ²
338 2306 619 2353 Salaminam,
645 2306 796 2353 MSS„
818 2307 903 2346 and
925 2320 970 2346 80
992 2306 1214 2347 elsewhere.

295 2358 311 2382 ²
340 2360 620 2406 Troezenam,
643 2359 776 2400 MSS.

296 2413 312 2435 ³
340 2413 411 2459 ad,
432 2427 489 2452 an
508 2413 718 2453 unknown
738 2413 853 2453 critic
873 2412 920 2452 in
939 2412 1144 2459 Lambin3
1174 2425 1240 2460 ac,
1262 2411 1394 2452 MSS.

238 2467 454 2571 ὂίέἔῗῃιζ,
474 2467 525 2506 Μ
529 2481 595 2508 on.
615 2469 720 2515 433;
750 2472 911 2515 astum,
929 2468 967 2507 A
987 2468 1026 2507 B
1043 2467 1096 2506 M
1112 2467 1152 2506 Ρ
1167 2467 1207 2506 R
1222 2480 1274 2514 τις
1306 2467 1364 2506 ad
1381 2469 1495 2513 astu,
1513 2467 1728 2519 squested

242 2592 327 2638 392
