1802 2942
638 156 1034 206 CORNELIUS
1082 155 1305 204 NEPOS

230 288 381 335 Nulla
432 287 805 334 Lacedaemoni
854 285 1006 332 xidua
1054 291 1162 331 tam
1214 290 1292 330 est
1340 282 1537 338 nobilis,
1588 297 1721 345 quae

176 365 202 403 5
227 373 328 402 non
361 355 425 402 ad
457 371 635 401 cenam
654 352 674 381 1
709 360 794 399 eat
825 352 1061 398 mercede
1093 351 1359 398 conducta.
1431 350 1635 413 Magnis
1667 352 1720 395 in

228 423 461 469 laudibus
497 428 610 468 tota
643 419 751 466 fere
788 419 886 466 fuit
923 419 1137 465 Graecia
1171 421 1414 464 victorem
1451 416 1721 479 Olympiae

231 493 404 544 citari3
471 492 522 534 in
572 504 807 534 scaenam
855 502 973 532 vero
1021 485 1222 548 prodire
1272 501 1330 530 ac
1377 483 1563 546 populo
1613 498 1723 529 esse

230 555 519 619 spectaculo
538 558 728 601 nemini
745 557 798 600 in
817 553 1009 600 eisdem
1027 553 1267 616 gentibus
1285 550 1384 597 fuit
1401 550 1722 613 turpitudini.

231 624 377 683 Quae
399 626 568 669 omnia
589 622 725 684 apud
744 637 833 668 nos
854 623 1042 683 partim
1062 618 1288 674 infamia,
1308 621 1496 681 partim
1516 616 1725 664 humilia

232 699 388 753 atque
418 691 481 736 ab
508 689 779 735 honestate
806 695 1005 734 remota
1030 693 1304 749 ponuntur.

182 765 207 804 6
297 758 488 804 Contra
527 773 588 802 ea
623 755 867 818 pleraque
905 757 1088 801 nostris
1125 754 1348 799 moribus
1387 758 1506 798 sunt
1543 750 1726 798 decora

232 841 364 887 quae
388 824 524 886 apud
545 823 652 869 illos
674 826 844 884 turpia
864 828 1127 884 putantur.
1197 820 1365 878 Quem
1388 822 1523 865 enim
1543 818 1727 864 Roma·

231 909 411 939 norum
453 891 615 953 pudet
658 906 869 936 uxorem
912 889 1098 936 ducere
1140 890 1192 933 in
1235 886 1550 933 convivium?
1618 886 1728 932 Aut

232 963 372 1006 cuius
393 975 494 1004 non
513 964 679 1004 mater
698 956 913 1002 familias
932 959 1152 1018 primum
1171 954 1337 1000 locum
1357 960 1505 1000 tenet
1524 952 1728 999 aedium

181 1033 206 1073 7
233 1034 389 1089 atque
413 1029 464 1072 in
487 1025 788 1071 celebritate
811 1023 1075 1069 versatur?
1143 1021 1295 1080 Quod
1315 1020 1477 1067 multo
1501 1019 1558 1066 fit
1582 1019 1730 1065 aliter

232 1097 285 1140 in
315 1093 556 1147 Graecia3
602 1109 721 1137 nam
748 1107 916 1153 neque
943 1093 996 1136 in
1023 1092 1306 1136 convivium
1335 1087 1607 1134 adhibetur
1633 1088 1728 1132 nisi

232 1164 647 1223 propinquorum,
686 1174 854 1220 neque
893 1157 1041 1204 sedet
1078 1159 1174 1202 nisi
1211 1159 1263 1201 in
1301 1158 1542 1201 interiore
1579 1160 1728 1216 parte

235 1228 456 1282 aedium,
504 1242 637 1289 quae
683 1227 1034 1289 gynaeconitis
1083 1223 1385 1285 appellatur,
1432 1238 1532 1284 quo
1578 1236 1730 1267 nemo

235 1295 431 1341 accedit
457 1297 551 1339 nisi
576 1297 860 1355 propinqua
885 1294 1189 1354 cognatione
1215 1293 1528 1336 coniunctus.

185 1369 210 1408 8
299 1361 401 1408 Sed
431 1360 512 1407 hic
542 1360 687 1422 plura
717 1362 955 1421 persequi
987 1375 1102 1404 cum
1133 1357 1434 1420 magnitudo
1465 1355 1730 1402 voluminis

235 1428 489 1491 prohibet,
513 1434 624 1474 tum
647 1426 908 1473 festinatio
931 1432 989 1472 ut
1013 1441 1074 1471 ea
1097 1424 1346 1486 explicem
1369 1439 1501 1486 quae
1525 1438 1730 1469 exorsus

236 1512 363 1542 sum.
433 1495 548 1553 Qua
587 1510 642 1540 re
685 1494 750 1540 ad
789 1496 1105 1556 propositum
1146 1494 1407 1537 veniemus
1450 1497 1505 1537 et
1544 1493 1597 1535 in
1636 1488 1731 1535 hoc

237 1578 550 1625 exponemus
578 1561 704 1608 libro
734 1561 799 1608 de
827 1564 933 1607 vita
962 1559 1321 1606 excellentium
1348 1561 1729 1620 imperatorum.

288 1669 305 1694 ²
334 1682 501 1716 cenam,
537 1668 642 1714 PA3
690 1679 880 1713 scena-m,
918 1666 983 1706 the
1021 1666 1132 1706 other
1170 1664 1330 1712 MSS.;
1375 1664 1560 1704 obscena
1597 1664 1732 1710 ineat,

233 1724 283 1763 O.
313 1724 510 1774 Waynem
547 1734 787 1767 moeecum,
809 1722 859 1760 L.
882 1721 1031 1760 Havet.

293 1874 310 1899 1
339 1874 497 1914 Cenum
523 1873 559 1911 is
588 1870 803 1923 probably
822 1874 1015 1921 corrupt,
1031 1870 1113 1909 but
1140 1882 1197 1908 no
1225 1868 1506 1919 satisfactory
1533 1868 1736 1908 emenda-

233 1928 330 1968 tion
367 1927 446 1966 has
486 1926 596 1965 been
632 1925 861 1976 proposed.
919 1925 1010 1963 The
1048 1925 1299 1974 suggestion
1330 1923 1376 1962 of
1404 1922 1607 1973 Wagner,
1642 1926 1734 1962 “to

236 1980 413 2032 indulge
432 1981 479 2020 in
501 1980 801 2032 promiscuous
821 1978 1134 2024 interoomrsess’
1157 1990 1295 2017 seems
1314 1977 1390 2017 the
1413 1977 1510 2016 best
1530 1989 1635 2024 one3
1664 1989 1735 2017 see

234 2037 310 2076 the
332 2034 500 2074 critical
518 2039 637 2072 note.

293 2090 309 2114 ²
336 2089 428 2128 The
461 2088 680 2127 reference
714 2087 750 2125 is
784 2085 1010 2137 primarily
1043 2089 1092 2124 to
1126 2084 1203 2123 the
1237 2083 1409 2130 atrium,
1446 2083 1527 2122 but
1561 2082 1652 2122 also
1686 2087 1736 2123 to

234 2143 361 2182 other
385 2154 529 2180 rooms
553 2146 602 2180 to
628 2140 770 2179 which
794 2144 942 2190 guests
968 2151 1078 2179 were
1104 2138 1348 2185 admitted3
1387 2137 1576 2189 primum
1599 2137 1736 2177 locum

234 2198 269 2236 is
295 2195 548 2236 contrasted
570 2194 678 2235 with
699 2193 895 2234 interiore
916 2198 1048 2244 parte.

250 2597 339 2645 370
