1802 2942
683 182 1075 232 CORNELIUS
1120 181 1339 231 NEPOS

265 315 534 361 Fabiorum
559 319 613 359 et
637 312 983 359 Aemiliorum.
1051 311 1246 370 Quibus
1269 311 1406 358 libris
1430 310 1554 358 nihil
1575 318 1749 374 potest

265 397 375 428 esse
424 379 616 426 dulcius
663 382 722 425 iis
772 381 858 441 qui
906 378 1126 440 aliquam
1173 378 1508 440 cupiditatem
1554 377 1749 426 habent

265 449 478 494 notitiae
507 446 755 492 clarorum
782 448 1016 491 virorum.

213 523 239 560 5
326 515 520 575 Attigit
546 529 747 574 quoque
773 515 1027 574 poeticen,
1052 511 1320 567 credimus,
1344 528 1409 558 ne
1435 514 1541 558 eius
1568 527 1754 573 expers.

266 587 402 626 esset
457 583 738 625 suavitatis.
805 578 1038 640 Namque
1095 579 1319 624 versibus
1339 577 1360 608 1
1417 581 1503 640 qui
1558 577 1748 624 honore

265 662 536 708 rerumque
599 653 860 708 gestarum
923 644 1257 706 amplitudine
1318 651 1514 691 ceteros
1577 644 1748 706 populi

214 721 240 759 6
265 714 477 759 Romani
496 715 865 774 praestiterunt
885 714 1119 773 exposuit
1137 714 1228 766 ita,
1249 718 1307 757 ut
1326 712 1419 758 sub
1438 711 1748 773 singulorum

265 781 568 842 imaginibus
593 778 731 825 facta
755 781 1185 841 magistratusque
1211 794 1385 823 eorum
1409 794 1511 823 non
1536 777 1748 839 amplius

267 849 526 909 quaternis
575 845 880 907 quinisque2
929 846 1152 891 versibus
1200 844 1548 905 descripserit3
1613 844 1749 906 quod

267 918 348 958 vix
381 913 691 959 credendum
723 915 789 957 sit
819 918 990 957 tantas
1021 927 1101 957 res
1132 918 1240 957 tam
1271 911 1493 956 breviter
1521 913 1747 972 potuisse

267 979 525 1027 declarari.
592 979 686 1024 Est
723 981 879 1024 etiam
915 995 1043 1024 unus
1078 977 1205 1024 liber
1242 977 1435 1023 Graece
1470 975 1747 1033 confectus,

267 1047 330 1094 de
357 1045 621 1092 consulatu
647 1045 914 1091 Ciceronis.

330 1110 412 1160 19.
447 1112 709 1158 Hactenus
760 1112 935 1157 Attico
986 1113 1097 1157 vivo
1149 1111 1288 1157 edita
1338 1127 1369 1156 a
1418 1111 1560 1157 nobis
1610 1117 1746 1158 sunt.

268 1179 431 1234 Nunc,
454 1181 691 1241 quoniam
713 1177 917 1224 fortuna
939 1194 1028 1223 nos
1051 1181 1348 1239 superstites
1373 1179 1419 1223 ei
1442 1193 1551 1224 esse
1572 1177 1747 1233 voluit,

265 1246 460 1308 reliqua
481 1261 845 1307 persequemur
867 1251 938 1299 et,
961 1252 1208 1306 quantum
1228 1247 1559 1306 potuerimus,
1578 1260 1748 1290 rerum

268 1312 513 1374 exemplis
563 1312 776 1358 lectores
827 1311 1136 1365 docebimus,
1184 1313 1314 1357 sicut
1362 1327 1514 1372 supra
1561 1310 1748 1373 signifi-

267 1382 506 1433 cavimus,
550 1395 664 1424 suos
709 1381 890 1440 cuique
934 1394 1098 1423 mores
1142 1376 1440 1439 plerumque
1484 1377 1748 1424 conciliare

217 1452 241 1488 ‘2
263 1445 536 1492 fortunam.
605 1444 837 1507 Namque
873 1444 970 1499 hic,
1006 1451 1275 1490 contentus
1312 1444 1487 1490 ordine
1524 1447 1748 1506 equestri

269 1530 367 1574 quo
399 1519 510 1557 erat
539 1518 696 1566 ortus,
724 1515 777 1557 in
807 1510 1126 1557 adfinitatem
1154 1514 1387 1572 pervenit
1414 1513 1748 1572 imperatoris,

270 1579 386 1624 Divi
428 1578 531 1633 filii,
572 1595 686 1624 cum
724 1580 825 1623 iam
866 1585 986 1624 ante
1026 1577 1425 1624 familiaritatem
1466 1580 1571 1623 eius
1613 1585 1748 1624 esset

269 1652 566 1691 consecutus
600 1644 737 1690 nulla
770 1644 867 1690 alia
899 1660 953 1690 re
988 1661 1140 1706 quam
1174 1643 1430 1707 elegantia
1462 1647 1615 1700 vitae,
1648 1661 1749 1706 qua

269 1719 463 1758 ceteros
511 1718 718 1772 ceperat
763 1714 1013 1772 principes
1059 1713 1277 1757 civitatis
1324 1711 1577 1773 dignitate
1622 1714 1747 1773 pari,

217 1786 243 1824 3
266 1777 470 1824 fortuna
499 1776 803 1823 humiliores.
869 1777 1035 1823 Tanta
1066 1779 1200 1823 enim
1230 1780 1537 1839 prosperitas
1568 1777 1748 1824 Caesa-

269 1861 376 1889 rem
407 1850 485 1889 est
514 1850 803 1898 consecuta,
833 1850 891 1890 ut
920 1843 1044 1889 nihil
1074 1846 1120 1889 ei
1150 1860 1251 1889 non
1279 1845 1517 1890 tribuerit
1544 1842 1749 1891 fortuna

270 1910 405 1972 quod
448 1912 682 1971 cuiquam
727 1917 847 1956 ante
892 1909 1152 1964 detulerit,
1198 1917 1252 1956 et
1294 1910 1570 1956 conciliarit
1613 1912 1749 1973 quod

217 1983 244 2019 4
267 1993 414 2022 nemo
451 1975 614 2022 adhuc
649 1978 767 2023 civis
803 1976 1058 2022 Romanus
1096 1978 1257 2039 quivit
1291 1979 1545 2039 consequi.
1613 1977 1748 2024 Nata

332 2114 349 2139 ¹
378 2127 564 2165 namque
587 2114 639 2153 de
663 2116 778 2160 viris,
802 2113 953 2160 Halm3
992 2127 1180 2165 namque
1203 2113 1397 2154 versibus
1420 2115 1472 2154 de
1492 2115 1559 2162 iis,
1583 2115 1720 2167 Nipp.

331 2168 347 2194 ²
376 2170 586 2219 quinisve,
609 2168 776 2207 Rosius.

327 2316 343 2341 1
371 2315 460 2355 The
471 2315 496 2354 I
499 2315 682 2365 mayines
695 2316 739 2354 of
750 2315 884 2354 Varro
896 2328 982 2353 was
1001 2328 1026 2353 a
1046 2315 1208 2354 similar
1218 2316 1350 2362 work,
1362 2315 1449 2355 and
1459 2315 1534 2355 the
1545 2317 1750 2357 so·called

268 2369 468 2420 epitaphs
492 2369 537 2407 in
563 2368 722 2408 Gellius
746 2369 774 2407 i.
801 2370 855 2406 24
880 2381 951 2407 are
977 2367 1170 2407 believed
1196 2368 1255 2419 by
1279 2381 1396 2408 some
1421 2373 1468 2409 to
1493 2369 1605 2409 have
1628 2384 1749 2412 come

267 2423 379 2462 from
396 2421 567 2461 Varro’s
583 2421 712 2461 book.
768 2421 827 2460 At
843 2434 929 2472 any
946 2426 1053 2468 rate,
1069 2422 1189 2461 these
1205 2422 1292 2461 and
1307 2422 1382 2462 the
1397 2423 1597 2474 epitaphs
1614 2425 1659 2464 of
1674 2424 1749 2464 the

268 2476 430 2568 {cipios
449 2476 546 2526 give
567 2488 622 2514 an
641 2475 738 2514 idea
759 2476 802 2514 of
822 2475 939 2514 what
959 2475 1085 2515 could
1105 2475 1157 2515 be
1176 2476 1271 2515 said
1290 2476 1335 2516 of
1353 2489 1379 2515 a
1399 2489 1501 2516 man
1519 2478 1565 2516 in
1584 2478 1682 2518 four
1700 2490 1749 2519 or

301 2543 351 2568 ve
374 2530 494 2569 lines.

267 2605 358 2654 686
