1747 2912
531 129 586 176 L.
640 129 971 176 ANNAEUS
1021 129 1290 177 FLORUS

408 276 594 324 XXXI.
636 278 836 323 BELLVM
869 277 1093 323 varcvn
1128 277 1359 324 TERTWM

76 371 203 429 11,15
241 373 475 420 TERTHJM
526 375 768 421 Punicum
819 375 1008 422 bellum
1052 382 1105 422 et
1144 383 1373 437 tempore
1411 378 1648 438 exiguum

167 448 303 512 (nam
340 453 670 514 quadriennio
706 452 995 514 patratum1
1021 451 1121 516 est)
1155 459 1208 499 et
1240 456 1294 497 in
1318 456 1647 515 comparatio-

163 543 281 573 nem
306 531 525 589 priorum
562 532 824 575 minimum
861 529 1030 575 labore
1069 530 1191 589 (non
1228 532 1363 575 enim
1395 535 1500 574 tam
1535 545 1648 575 cum

167 605 281 648 viris
313 619 463 664 quam
497 621 611 649 cum
636 608 742 666 ipsa
768 605 889 650 urbe
915 611 1198 666 pugnatum
1223 604 1322 667 est)
1348 604 1472 649 sed2
1499 603 1648 666 plane

165 683 438 726 maximum
478 689 697 729 eventu:
752 685 938 744 quippe
976 681 1185 727 tandem
1225 681 1475 743 Carthago
1511 681 1652 727 finita

105 762 130 800 2
169 763 257 802 est.
354 757 550 820 Atquin
598 762 637 803 si
685 762 794 821 quis
836 762 990 805 trium
1048 765 1335 820 temporum
1394 765 1653 804 momenta

167 834 466 893 consideret,
494 840 653 898 primo
692 840 1009 882 commissum
1047 843 1124 882 est
1164 836 1407 882 Punicum
1444 836 1651 893 bellum,

105 917 129 957 3
165 910 485 973 profligatum
511 912 748 968 secundo,
775 916 927 959 tertio
954 929 1070 958 vero
1095 912 1386 958 confectum
1405 919 1497 960 est.
1551 912 1652 959 Sed

167 987 313 1034 huius
353 1006 499 1035 causa
538 989 676 1047 belli,
719 990 853 1051 quod
886 996 1062 1035 contra
1100 988 1317 1035 foederis
1353 989 1521 1050 legem
1566 989 1654 1035 ad-

166 1081 337 1112 versus
377 1067 621 1113 Numidas
671 1067 893 1129 quidem,
933 1067 1022 1113 sed
1061 1073 1321 1128 parassent
1350 1066 1559 1112 classem
1601 1073 1655 1113 et

105 1151 130 1186 4
168 1148 457 1191 exercitum.
533 1145 791 1207 Frequens
824 1151 995 1191 autem
1023 1143 1344 1190 Massinissa3
1375 1143 1483 1189 finis
1510 1147 1656 1190 terri-

167 1222 336 1276 tabat3
387 1221 475 1268 sed
519 1222 635 1268 huic
677 1229 735 1268 ut
777 1223 908 1268 bono
951 1226 1184 1284 socioque
1226 1225 1335 1283 regi
1374 1220 1651 1269 favebatur.

170 1297 294 1343 Cum
330 1298 394 1345 de
429 1299 561 1345 bello
596 1299 813 1356 sederet,
851 1299 915 1345 de
952 1299 1073 1346 belli
1110 1299 1208 1346 fine
1247 1305 1521 1345 tractatum
1559 1306 1651 1348 est.

171 1375 293 1422 Cato
334 1377 627 1438 inexpiabili
669 1377 783 1423 odio
820 1377 1092 1423 delendam
1131 1393 1240 1423 esse
1282 1376 1657 1438 Carthaginem,

109 1460 134 1498 5
171 1460 224 1499 et
262 1470 376 1499 cum
418 1454 482 1500 de
523 1454 620 1500 alio
662 1455 1026 1511 consuleretur,
1071 1454 1447 1516 pronuntiabat,
1490 1453 1658 1516 Scipio

171 1530 350 1577 Nasica
396 1532 706 1590 servandam,
747 1549 811 1578 ne
856 1538 997 1578 metu
1037 1532 1206 1578 ablato
1251 1531 1479 1577 aemulae
1519 1532 1657 1578 urbis

170 1608 407 1654 luxuriari
479 1608 734 1656 felicitas4
804 1613 1086 1671 inciperet3
1163 1609 1387 1655 medium
1454 1615 1658 1655 senatus

112 1692 136 1731 6
175 1686 346 1748 elegit,
373 1693 430 1733 ut
455 1689 570 1733 urbs
595 1694 795 1733 tantum
821 1687 930 1732 loco
966 1693 1269 1732 moveretur.
1343 1685 1483 1731 Nihil
1519 1689 1656 1733 enim

171 1767 440 1825 speciosius
478 1765 742 1811 videbatur
773 1781 922 1827 quam
965 1780 1072 1810 esse
1117 1763 1495 1825 Carthaginem,
1527 1780 1657 1826 quae

116 1847 138 1888 7
174 1857 276 1886 non
318 1845 596 1888 timeretur.
673 1843 835 1904 Igitur
875 1841 1083 1887 Manilio
1127 1841 1502 1903 Censorinoque
1542 1858 1659 1887 con-

175 1918 363 1965 sulibus
415 1919 626 1981 populus
688 1920 937 1965 Romanus
984 1919 1249 1980 adgressus
1298 1918 1657 1980 Carthaginem

175 2013 262 2058 spe
291 2000 426 2058 pacis
451 2001 637 2043 iniecta
664 1997 899 2043 traditam
936 2014 964 2042 a
999 1996 1285 2042 volentibus
1321 1995 1530 2042 classem
1567 1997 1659 2042 sub

118 2081 141 2119 8
176 2077 282 2135 ipso
307 2090 392 2121 ore
426 2076 560 2120 urbis
597 2074 837 2121 incendit.
912 2074 1041 2120 Tum
1080 2076 1297 2120 evocatis
1333 2074 1656 2135 principibus,

379 2212 396 2237 1
425 2218 679 2263 patratum:
709 2216 887 2263 raptum
908 2214 958 2252 B.
1144 2211 1160 2236 ²
1191 2210 1290 2250 sed:
1322 2214 1367 2250 et
1387 2212 1440 2252 B.

375 2267 391 2291 ³
423 2267 679 2305 Massinissa
704 2268 906 2305 Iahnius:
939 2265 1213 2305 massinissae
1234 2266 1367 2304 BNL.

378 2320 395 2343 4
424 2320 544 2360 urbis
559 2326 649 2371 post
668 2320 857 2359 felicitas
877 2321 1011 2359 BNL.

807 2516 823 2541 1
855 2517 931 2556 149
952 2526 1034 2556 13.c.

182 2597 271 2656 136
