1802 2942
651 132 1045 183 CORNELIUS
1091 132 1311 181 NEPOS

233 282 409 329 Persas
433 289 487 329 et
507 286 673 345 ipsum
693 299 870 345 regem
893 281 1093 337 adoriri,
1114 283 1320 327 nuntius
1345 282 1391 326 ei
1412 280 1562 327 domo
1582 282 1723 327 venit

233 350 534 412 ephororum
571 350 769 404 missu,1
804 348 996 395 bellum
1034 347 1375 394 Athenienses
1414 354 1469 394 et
1505 347 1722 394 Boeotos

230 418 471 464 indixisse
492 416 907 463 Lacedaemoniis
926 432 937 462 ι
975 432 1075 478 qua
1093 431 1149 461 re
1167 418 1341 463 venire
1361 431 1426 460 ne
1445 414 1721 461 dubitaret.

184 492 207 529 2
232 484 292 530 In
321 483 416 530 hoc
447 501 549 529 non
578 487 743 530 minus
777 486 882 529 eius
913 485 1079 545 pietas
1111 481 1430 544 suspicienda
1461 489 1540 528 est
1570 498 1724 544 quam

232 554 389 597 virtus
427 551 635 606 bellica3
692 553 778 613 qui
815 567 930 596 cum
966 552 1143 596 victori
1178 555 1442 612 praeesset
1478 551 1724 595 exercitui

232 621 610 681 maximamque
673 617 888 663 haberet
951 616 1187 663 fiduciam
1249 619 1395 679 regni
1457 615 1724 662 Persarum

231 686 483 748 potiundi,
524 691 673 731 tanta
714 684 966 731 modestia
1008 684 1144 730 dicto
1188 683 1398 730 audiens
1440 681 1539 729 fuit
1579 686 1723 729 iussis

233 753 522 798 absentium
556 754 966 815 magistratuum,
1002 758 1061 796 ut
1097 753 1138 796 si
1171 753 1398 812 privatus
1433 752 1486 796 in
1520 753 1724 796 comitio

235 827 369 865 esset
390 819 619 881 Spartae.
688 818 841 864 Cuius
864 817 1156 879 exemplum
1176 820 1373 864 utinam
1392 819 1723 879 imperatores

183 895 206 934 3
230 889 388 933 nostri
418 889 561 948 sequi
590 884 893 933 voluissent!
961 884 1063 931 Sed
1091 884 1208 930 illuc
1236 885 1521 931 redeamus.
1588 885 1725 947 Age-

233 953 383 1000 silaus
413 953 795 1015 opulentissimo
824 969 982 1015 regno
1012 954 1308 1014 praeposuit
1335 952 1523 998 bonam
1553 954 1725 998 existi-

232 1024 511 1067 mationem
561 1019 826 1083 multoque
875 1019 1137 1082 gloriosius
1189 1019 1337 1065 duxit
1387 1021 1428 1064 si
1477 1021 1724 1065 institutis

233 1091 429 1150 patriae
465 1090 734 1149 paruisset,
771 1103 925 1150 quam
961 1089 1002 1132 si
1037 1085 1171 1132 bello
1207 1093 1497 1148 superasset
1532 1086 1722 1132 Asiam.

181 1162 209 1200 4
231 1155 342 1201 Hac
396 1158 552 1217 igitur
608 1161 785 1200 mente
842 1153 1235 1215 Hellespontum
1292 1156 1461 1216 copias
1519 1156 1720 1199 traiecit

234 1229 484 1284 tantaque
523 1237 641 1267 usus
682 1228 761 1267 est
799 1221 1063 1267 celeritate
1103 1227 1179 1275 ut,
1219 1220 1355 1282 quod
1392 1223 1491 1266 iter
1528 1219 1724 1266 Xerxes

236 1306 367 1335 anno
386 1295 621 1334 vertente
640 1286 947 1343 confecerat,
964 1286 1045 1333 hic
1069 1290 1328 1333 transierit
1351 1286 1500 1333 XXX
1523 1287 1718 1334 diebus.

183 1366 208 1403 5
233 1356 361 1403 Cum
404 1359 505 1401 iam
547 1355 686 1401 haud
726 1358 801 1401 ita
843 1355 994 1418 longe
1038 1355 1242 1401 abesset
1285 1370 1315 1400 a
1359 1353 1724 1417 Peloponneso,

235 1424 482 1470 obsistere
536 1425 583 1468 ei
635 1425 803 1468 conati
855 1429 975 1468 sunt
1026 1420 1368 1468 Athenienses
1422 1428 1477 1468 et
1527 1421 1724 1468 Boeotii

234 1493 494 1552 ceterique
524 1505 698 1535 eorum
727 1491 847 1535 socii
876 1488 1012 1552 apud
1041 1488 1350 1544 Coroneam3
1397 1504 1522 1551 quos
1550 1504 1724 1535 omnes

234 1561 375 1620 gravi
395 1556 586 1618 proelio
608 1559 744 1602 vicit.

184 1632 209 1670 6
296 1624 460 1670 Huius
492 1626 732 1669 victoriae
765 1622 846 1668 vel
877 1624 1101 1668 maxima
1133 1620 1231 1668 fuit
1263 1621 1390 1678 laus,
1424 1621 1578 1684 quod,
1610 1638 1725 1669 cum

233 1691 462 1753 plerique
480 1707 544 1737 ex
560 1689 685 1753 fuga
701 1706 755 1736 se
771 1693 824 1735 in
841 1689 1092 1751 templum
1111 1688 1377 1735 Minervae
1392 1691 1726 1736 coniecissent

233 1764 667 1821 quaerereturque
690 1757 754 1802 ab
777 1773 837 1803 eo
861 1757 984 1819 quid
1003 1759 1063 1802 iis
1085 1755 1242 1802 vellet
1264 1755 1390 1812 fieri,
1413 1758 1511 1802 etsi
1531 1755 1726 1819 aliquot

233 1825 443 1871 vulnera
489 1830 758 1885 acceperat
804 1839 864 1869 eo
911 1822 1103 1885 proelio
1151 1829 1205 1869 et
1251 1825 1410 1869 iratus
1457 1822 1726 1870 videbatur

235 1893 466 1938 omnibus
490 1894 575 1954 qui
597 1891 835 1937 adversus
859 1906 999 1936 arma
1019 1889 1263 1945 tulerant,
1284 1896 1461 1936 tamen
1482 1889 1725 1937 antetulit

290 2033 305 2057 1
336 2033 484 2078 missu,
505 2031 543 2070 A
575 2031 687 2070 Dan.
713 2030 887 2080 (written
909 2029 1048 2080 above)
1072 2029 1157 2069 and
1179 2042 1208 2069 u
1230 2029 1278 2069 in
1300 2029 1488 2081 maryim
1525 2030 1660 2077 iussu,
1682 2030 1721 2069 A

237 2086 410 2136 (written
428 2086 566 2134 above)
585 2084 669 2124 and
687 2083 750 2124 the
767 2084 877 2124 other
894 2084 947 2122 M
948 2083 1029 2123 SS.

296 2275 315 2352 ἔ
340 2275 780 2367 {Zelghffaxikwriters
802 2327 1049 2379 frequently
1071 2326 1143 2373 do,
1165 2326 1311 2379 Nepos
1334 2339 1430 2367 uses
1453 2326 1528 2366 the
1550 2326 1723 2366 Roman

240 2386 350 2421 term
378 2382 590 2421 comitium
616 2382 683 2421 for
710 2382 784 2421 the
812 2380 1142 2433 oorresponding
1170 2381 1289 2432 place
1315 2380 1361 2419 in
1389 2380 1559 2432 Sparta,
1586 2381 1722 2420 either

240 2436 315 2528 ξὲἓ
334 2436 612 2528 Etpoqgreim,
631 2435 704 2474 the
724 2435 843 2488 place
862 2435 907 2475 of
924 2435 1112 2486 meeting
1131 2435 1175 2474 of
1193 2434 1267 2473 the
1285 2434 1454 2486 ephors,
1473 2447 1521 2474 or
1538 2434 1721 2487 perhaps

361 2522 386 2540 Ο
467 2518 475 2527 .

235 2566 326 2629 564
